@ARTICLE{1,
  author = "Marlan O. Scully and Murray Sargent III",
  year = 1972,
  title = "The Concept of the Photon",
  journal = "Physics Today",
  pages = "38--47"
}
@ARTICLE{2,
  author = "Sajeev John",
  year = 1991,
  title = "Localization of Light",
  journal = "Physics Today",
  pages = "32--40"
}
@ARTICLE{3,
  author = "Timothy H. Boyer",
  year = 1990,
  title = "The Classical Vacuum",
  journal = "Scientific American",
  pages = "70--78"
}
@ARTICLE{4,
  author = "Giuliano Toraldo Di Francia",
  year = 1973,
  title = "Optics as Scattering",
  journal = "Physics Today",
  pages = "32--38"
}
@ARTICLE{5,
  author = "Bryce S. DeWitt",
  year = 1970,
  title = "Quantum Mechanics and Reality",
  journal = "Physics Today",
  pages = "30--44"
}
@ARTICLE{6,
  author = "N. David Mermin",
  year = 1993,
  title = "Hidden Variables and the Two Theorems of John Bell",
  journal = "Review of Modern Physics",
  volume = 65,
  pages = "803--815"
}
@ARTICLE{7,
  author = "D. Bohm and J. Bub",
  year = 1966,
  title = "A Refutation of the Proof by Jauch and Piron That Hidden Variables
          Can Be Excluded in Quantum Mechanics",
  journal = "Reviews of Modern Physics",
  volume = 38,
  pages = "470--475"
}
@ARTICLE{8,
  author = "D. Bohm and J. Bub",
  year = 1966,
  title = "A Proposed Solution of the Measurement Problem in Quantum
          Mechanics by a Hidden Variable Theory",
  journal = "Reviews of Modern Physics",
  volume = 38,
  pages = "453--469"
}
@ARTICLE{9,
  author = "David Bohm",
  year = 1952,
  title = "A Suggested Interpretation of the Quantum Theory in Terms of
          {``}Hidden{''} Variables. I",
  journal = "Physical Review",
  volume = 85,
  pages = "166--178"
}
@ARTICLE{10,
  author = "David Bohm",
  year = 1952,
  title = "A Suggested Interpretation of the Quantum Theory in Terms of
          {``}Hidden{''} Variables. II",
  journal = "Physical Review",
  volume = 85,
  pages = "180--193"
}
@ARTICLE{11,
  author = "John S. Bell",
  year = 1966,
  title = "On the Problem of Hidden Variables in Quantum Mechanics",
  journal = "Reviews of Modern Physics",
  volume = 38,
  pages = "447--452"
}
@ARTICLE{12,
  author = "John D. Trimmer",
  year = 1980,
  title = "The Present Situation in Quantum Mechanics: A Translation of
          Schr{\"o}dinger's {``}Cat Paradox{''} Paper",
  journal = "Proceedings of the American Philosophical Society",
  volume = 124,
  pages = "323--338",
  note = "This is a translation of Schr{\"o}dinger's three-part
		  1935 paper in \emph{Die Naturwissenschaften.}"
}
@ARTICLE{13,
  author = "Daniel T. Gillespie",
  year = 1994,
  title = "Why Quantum Mechanics Cannot be Formulated as a Markov Process",
  journal = "Physical Review A",
  volume = 49,
  pages = "1607--1612",
  note = "Refer to another paper which says {``}QM CAN be formulated...{''}"
}
@ARTICLE{14,
  author = "Marlan O. Scully and Herbert Walther and Wolfgang Schleich",
  year = 1994,
  title = "Feynman's Approach to Negative Probability in Quantum Mechanics",
  journal = "Physical Review A",
  volume = 49,
  pages = "1562--1566"
}
@ARTICLE{15,
  author = "Daniel M. Greenberger and Michael A. Horne and Anton Zellinger",
  year = 1993,
  title = "Multiparticle Interferometry and the Superposition Principle",
  journal = "Physics Today",
  pages = "22--29"
}
@ARTICLE{16,
  author = "R.I.G. Hughes",
  year = 1999,
  title = "Quantum Logic",
  journal = "Scientific American",
  pages = "202--213"
}
@ARTICLE{17,
  author = "John Horgan",
  month = "July",
  year = 1992,
  title = "Quantum Philosophy",
  journal = "Scientific American",
  pages = "94--104"
}
@ARTICLE{18,
  author = "Bernard D'Espagnat",
  month = "Jan",
  year = 1999,
  title = "The Quantum Theory and Reality",
  journal = "Scientific American",
  pages = "158--179"
}
@ARTICLE{19,
  author = "Thomas F. Jordan and E.C.G. Sudarshan",
  year = 1991,
  title = "Simply No Hidden Variable",
  journal = "American Journal of Physics",
  volume = 59,
  pages = "698--700"
}
@ARTICLE{20,
  author = "A.A. Broyles",
  year = 1992,
  title = "Nature of Quantum Jumps",
  journal = "Physical Review A",
  volume = 45,
  pages = "4925--4931"
}
@ARTICLE{21,
  author = "Richard J. Cook",
  year = 1990,
  title = "Quantum Jumps",
  journal = "Progress in Optics XXVIII",
  pages = "361--417"
}
@ARTICLE{22,
  author = "E.A. Power and T. Thirunamachandran",
  year = 1985,
  title = "Further Remarks on the Hamiltonian of Quantum Optics",
  journal = "Journal of the Optical Society of America B",
  volume = 2,
  pages = "1100--1105"
}
@ARTICLE{23,
  author = "J. Gea-Banacloche and M.O. Scully and M.S. Zubairy",
  year = 1999,
  title = "Vacuum Fluctuations and Spontaneous Emission in Quantum Optics",
  journal = "Physica Scripta T21",
  pages = "81--85"
}
@ARTICLE{24,
  author = "R. Dum and P. Zoller and H. Ritsch",
  year = 1992,
  title = "Monte Carlo Simulation of the Atomic Master Equation for
          Spontaneous Emission",
  journal = "Physical Review A",
  volume = 45,
  pages = "4879--4887"
}
@ARTICLE{25,
  author = "Fred B. Seeley and Joseph E. Alexander and Robert W. Connaster and
           Jeanette S. Conway and Jonathon P. Dowling",
  year = 1993,
  title = "Dipole Radiators in a Cavity: A Radio Frequency Analog for the
          Modification of Atomic Spontaneous Emission Rates Between Mirrors",
  journal = "American Journal of Physics",
  volume = 61,
  pages = "545--550"
}
@ARTICLE{26,
  author = "D. J. Heinzen and J.J. Childs and J.E. Thomas and M.S. Feld",
  year = 1987,
  title = "Enhanced and Inhibited Visible Spontaneous Emission by Atoms in a
          Confocal Resonator",
  journal = "Physical Review Letters",
  volume = 58,
  pages = "1320--1323"
}
@ARTICLE{27,
  author = "D.J. Heinzen and M.S. Feld",
  year = 1987,
  title = "Vacuum Radiative Level Shift and Spontaneous-Emission Linewidth of
          an Atom in an Optical Resonator",
  journal = "Physical Review Letters",
  volume = 59,
  pages = "2623--2626"
}
@ARTICLE{28,
  author = "P.W. Milonni and P.L. Knight",
  year = 1973,
  title = "Spontaneous Emission Between Mirrors",
  journal = "Optics Communications",
  volume = 9,
  pages = "119--122"
}
@ARTICLE{29,
  author = "W. Jhe and A. Anderson and E.A. Hinds and D. Meschede and L. Moi
           and S. Haroche",
  year = 1987,
  title = "Suppression of Spontaneous Decay at Optical Frequencies: Test of
          Vacuum-Field Anisotropy in Confined Space",
  journal = "Physical Review Letters",
  volume = 58,
  pages = "666--669"
}
@ARTICLE{30,
  author = "Daniel Kleppner",
  year = 1981,
  title = "Inhibited Spontaneous Emission",
  journal = "Physical Review Letters",
  volume = 47,
  pages = "233--236"
}
@ARTICLE{31,
  author = "Randall G. Hulet and Eric S. Hilfer and Daniel Kleppner",
  year = 1985,
  title = "Inhibited Spontaneous Emission by a Rydberg Atom",
  journal = "Physical Review Letters",
  volume = 55,
  pages = "2137--2140"
}
@ARTICLE{32,
  author = "Gerald Gabrielse and Hans Dehmelt",
  year = 1985,
  title = "Observation of Inhibited Spontaneous Emission",
  journal = "Physical Review Letters",
  volume = 55,
  pages = "67--70"
}
@UNPUBLISHED{33,
  author = "Perry R. Rice and H.J. Carmichael",
  year = 1992,
  title = "Photon Statistics of a Cavity QED Laser",
  note = "Given to TCBurt by PRRice."
}
@ARTICLE{34,
  author = "Thomas F. Jordan",
  year = 1991,
  title = "Assumptions Implying the Schr{\"o}dinger Equation",
  journal = "American Journal of Physics",
  volume = 59,
  pages = "606--608"
}
@BOOKLET{35,
  author = "Yoshihisa Yamamoto",
  year = 1992,
  title = "Cavity QED Effects in Semiconductor Lasers"
}
@ARTICLE{36,
  author = "Serge Haroche and Jean-Michel Raimond",
  year = 1993,
  title = "Cavity Quantum Electrodynamics",
  journal = "Scientific American",
  pages = "54--62"
}
@ARTICLE{37,
  author = "Steven E. Morin and Qilin Wu and Thomas W. Mossberg",
  month = "Aug",
  year = 1992,
  title = "Cavity Quantum Electrodynamics at Optical Frequencies",
  journal = "Optics and Photonics News",
  pages = "8--14"
}
@ARTICLE{38,
  author = "Serge Haroche and Daniel Kleppner",
  month = "January",
  year = 1989,
  title = "Cavity Quantum Electrodynamics",
  journal = "Physics Today",
  pages = "24--30"
}
@ARTICLE{39,
  author = "H.J. Carmichael and R.J. Brecha and P.R. Rice",
  year = 1991,
  title = "Quantum Interference and Collapse of the Wavefunction in Cavity
          QED",
  journal = "Optics Communications",
  volume = 82,
  pages = "73--79"
}
@UNPUBLISHED{40,
  author = "Perry Rice and Tim Burt",
  year = 1993,
  title = "Laser Theory in the Bad Cavity Limit",
  note = "Presented as a poster at a conference (?)."
}
@ARTICLE{41,
  author = "P.R. Rice and H.J. Carmichael",
  year = 1988,
  title = "Nonclassical Effects in Optical Spectra",
  journal = "Journal of the Optical Society of America B",
  volume = 5,
  pages = "1661--1668"
}
@ARTICLE{42,
  author = "Z.Y. Ou and L. Mandel",
  year = 1990,
  title = "Non-local and Non-classical Effects in Two-photon Down-Conversion",
  journal = "Quantum Optics",
  volume = 2,
  pages = "71--88"
}
@ARTICLE{43,
  author = "Predrag Stojkov and Milivoj Beli{\'c}",
  year = 1992,
  title = "Symmetries of Photorefractive Four-wave Mixing",
  journal = "Physical Review A",
  volume = 45,
  pages = "5061--5064"
}
@ARTICLE{44,
  author = "C.K. Law and Liwei Wang and J.H. Eberly",
  year = 1992,
  title = "Two-channel Cavity {QED}: Stokes Plus Anti-Stokes Emission with a
          Classical Pump Field",
  journal = "Physical Review A",
  volume = 45,
  pages = "5089--5094"
}
@ARTICLE{45,
  author = "Y. Qu and Min Xiao and G.S. Holliday and Surendra Singh and H.J.
           Kimble",
  year = 1992,
  title = "Enhancement of Photon Antibunching by Passive Interferometry",
  journal = "Physical Review A"
}
@ARTICLE{46,
  author = "A.V. Belinskii",
  year = 1990,
  title = "Squeezed Quantum States in a Bistable Resonator",
  journal = "Soviet Journal of Quantum Electronics",
  volume = 20,
  pages = "1090--1096"
}
@ARTICLE{47,
  author = "P.D. Drummond and D.F. Walls",
  year = 1981,
  title = "Quantum Theory of Optical Bistability. II. Atomic Fluorescence in
          a High-Q Cavity",
  journal = "Physical Review A",
  volume = 23,
  pages = "2563--2579"
}
@ARTICLE{48,
  author = "H.J. Carmichael and D.F. Walls and P.D. Drummond and S.S. Hassan",
  year = 1983,
  title = "Quantum Theory of Optical Bistability. III. Atomic Fluorescence in
          a Low-Q Cavity",
  journal = "Physical Review A",
  volume = 27,
  pages = "3112--3128"
}
@ARTICLE{49,
  author = "H.J. Carmichael",
  year = 1986,
  title = "Quantum Fluctuations in Absorbtive Bistability Without Adiabatic
          Elimination",
  journal = "Physical Review A",
  volume = 33,
  pages = "3262--3269"
}
@ARTICLE{50,
  author = "H.J. Carmichael and R.J. Brecha and M.G. Raizen and H.J. Kimble
           and P.R. Rice",
  year = 1989,
  title = "Subnatural Linewidth Averaging for Coupled Atomic and Cavity-mode
          Oscillators",
  journal = "Physical Review A",
  volume = 40,
  pages = "5516--5519"
}
@ARTICLE{51,
  author = "Reeta Vyas",
  year = 1992,
  title = "Photon-counting Statistics of the Subthreshold Nondegenerate
          Parametric Oscillator",
  journal = "Physical Review A",
  volume = 46,
  pages = "395--400"
}
@ARTICLE{52,
  author = "H.J. Carmichael and Surendra Singh and Reeta Vyas and P.R. Rice",
  year = 1989,
  title = "Photoelectron Waiting Times and Atomic State Reduction in
          Resonance Fluorescence",
  journal = "Physical Review A",
  volume = 39,
  pages = "1200--1218"
}
@ARTICLE{53,
  author = "P.R. Rice and H.J. Carmichael",
  year = 1988,
  title = "Single-Atom Cavity-Enhanced Absorption I: Photon Statistics in the
          Bad-Cavity Limit",
  journal = "IEEE Journal of Quantum Electronics",
  volume = 24,
  pages = "1351--1365"
}
@ARTICLE{54,
  author = "Min Xiao and Shaozheng Jin",
  year = 1992,
  title = "Bistable Behavior in a System of an Optical Parametric Oscillator
          Coupling with $N$ Two-Level Atoms",
  journal = "Physical Review A",
  volume = 45,
  pages = "483--488"
}
@ARTICLE{55,
  author = "D.A.B. Miller",
  month = "April",
  year = 1982,
  title = "Bistable Optical Devices: Physics and Operating Characteristics",
  journal = "Laser Focus",
  pages = "79--84"
}
@ARTICLE{56,
  author = "E.G. Peter Rowe",
  year = 1991,
  title = "Classical Limit of Quantum Mechanics (Electron in a Magnetic
          Field)",
  journal = "American Journal of Physics",
  volume = 59,
  pages = "1111--1117"
}
@UNPUBLISHED{57,
  author = "L.A. Lugiato and L.M. Narducci",
  title = "Optical Bistability and Related Topics",
  note = "This is actually in a book somewhere, I just don't know where."
}
@ARTICLE{58,
  author = "Y.B. Band",
  month = "August",
  year = 1984,
  title = "Optical Bistability in Nonlinear Media: An Exact Method of
          Calculation",
  journal = "Journal of Applied Physics",
  volume = 56,
  pages = "656--659"
}
@ARTICLE{59,
  author = "Hyatt M. Gibbs",
  month = "Oct",
  year = 1985,
  title = "Optical Bistability: Where is it Headed?",
  journal = "Laser Focus/Electro-Optics",
  pages = "85--108"
}
@ARTICLE{60,
  author = "Mansour Mortazavi and Surendra Singh",
  month = "Feb",
  year = 1990,
  title = "Tricritical Behavior in the Laser with a Saturable Absorber",
  journal = "Physical Review Letters",
  volume = 64,
  pages = "741--744"
}
@ARTICLE{61,
  author = "H.M. Gibbs and S.L. McCall and T.N.C. Venkatesan",
  year = 1979,
  title = "Optical Bistability",
  journal = "Optics News"
}
@INPROCEEDINGS{62,
  author = "H.J. Kimble and D.E.Grant and A.T. Rosenberger and P.D. Drummond",
  editor = "J.D. Harvey and D.F. Walls",
  year = 1983,
  title = "Optical Bistability with Two-Level Atoms",
  booktitle = "Laser Physics",
  pages = "14--40",
  publisher = "Springer-Verlag"
}
@ARTICLE{63,
  author = "Michael Scalora and Joseph W. Haus and Charles M. Bowden",
  year = 1990,
  title = "Intrinsic Optical Bistability in a Cavity",
  journal = "Physical Review A",
  volume = 41,
  pages = "6320--6330"
}
@ARTICLE{64,
  author = "S.G. Rabbani and J.L. Shultz and G.J. Salamo and E.J. Sharp and
           W.W. Clark III and M.J. Miller and G.L. Wood and R.R. Neurgaonkar",
  year = 1991,
  title = "Color Imaging in Photorefractive Crystals",
  journal = "Applied Physics B",
  volume = 53,
  pages = "323--329"
}
@ARTICLE{65,
  author = "Gregory J. Salamo and Brian D. Monson and William W. Clark III and
           Gary L. Wood and Edward J. Sharp and Ratnakar R. Neurgaonkar",
  year = 1991,
  title = "Improved Photorefractive Time Response Using a Cylindrical Lens",
  journal = "Applied Optics",
  volume = 30,
  pages = "1847--1854"
}
@ARTICLE{66,
  author = "Brian Monson and Gregory J. Salamo and Andrew G. Mott and Mary J.
           Miller and Edward J. Sharp and William W. Clark III and Gary L.
           Wood and Ratnakar R. Neurgaonkar",
  year = 1990,
  title = "Self-Pumped Phase Conjugation with Nanosecond Pulses in Strontium
          Barium Niobate",
  journal = "Optics Letters",
  volume = 15,
  pages = "12--14"
}
@ARTICLE{67,
  author = "Edward J. Sharp and William W. Clark III and Mary J Miller and
           Gary L. Wood and Gregory J. Salamo and Brian D. Monson and Ratnakar
           R. Neurgaonkar",
  year = 1990,
  title = "Photorefraction: Some Applications",
  journal = "Ceramic Transactions",
  volume = 14,
  pages = "231--252"
}
@ARTICLE{68,
  author = "Min Xiao and Ling-An Wu and H.J. Kimble",
  year = 1987,
  title = "Precision Measurement Beyond the Shot-Noise Limit",
  journal = "Physical Review Letters",
  volume = 59,
  pages = "278--281"
}
@UNPUBLISHED{69,
  author = "Perry Rice and Xiaosong Yin and James Walden and Julio
           Gea-Banacloche and Leno Pedrotti and Jack E. Mullen",
  year = 1994,
  title = "Laser with Injected Squeezed Vacuum: Phase Diffusion and Intensity
          Fluctuations",
  note = "Draft of a paper based in part on Xiaosong's Master's thesis."
}
@ARTICLE{70,
  author = "J. Gea-Banacloche and R.R. Schlicher and M.S. Zubairy",
  year = 1988,
  title = "Emission Spectra of an Atom in a Cavity in the Presence of a
          Squeezed Vacuum",
  journal = "Physical Review A",
  volume = 38,
  pages = "3514--3521"
}
@ARTICLE{71,
  author = "Richart E. Slusher and Bernard Yurke",
  year = 1988,
  title = "Squeezed Light",
  journal = "Scientific American",
  pages = "50--56",
  annote = "More than anything else, this article showed me the area where
           the questions I had were being answered\ldots in Quantum Optics. I
           loved the pictures they presented in the article since they gave me
           a feel for what was going on physically. Looking back on it, this
           may also be the article that gave me a hankering for the
           picture-oriented view of physics that I have."
}
@ARTICLE{72,
  author = "T.A.B. Kennedy and D.F. Walls",
  year = 1990,
  title = "Theory of Intracavity Atom-Field Interactions With Squeezed
          Inputs",
  journal = "Physical Review A",
  volume = 42,
  pages = "3051--3064"
}
@ARTICLE{73,
  author = "T.C. Ralph and C.M. Savage",
  year = 1991,
  title = "Squeezed Light from Conventionally Pumped Multilevel Lasers",
  journal = "Optics Letters",
  volume = 16,
  pages = "1113--1115"
}
@ARTICLE{74,
  author = "A.M. Khazanov and G.A. Koganov and E.P. Gordov",
  year = 1990,
  title = "Macroscopic Squeezing in Three-Level Laser",
  journal = "Physical Review A",
  volume = 42,
  pages = "3065--3069"
}
@ARTICLE{75,
  author = "H. Ritsch and P. Zoller and C.W. Gardiner and D.F. Walls",
  year = 1991,
  title = "Sub-Poissonian Laser Light by Dynamic Pump-Noise Suppression",
  journal = "Physical Review A",
  volume = 44,
  pages = "3361--3364"
}
@ARTICLE{76,
  author = "Malvin C. Teich and Bahaa E.A. Saleh",
  month = "Jun",
  year = 1990,
  title = "Squeezed and Antibunched Light",
  journal = "Physics Today",
  pages = "26--34"
}
@ARTICLE{77,
  author = "C.M. Savage",
  year = 1990,
  title = "The Fluorescence Spectrum of an Atom Strongly Coupled to a Cavity
          Driven by Squeezed Light",
  journal = "Quantum Optics",
  volume = 2,
  pages = "89--95"
}
@ARTICLE{78,
  author = "C. Fabre and E. Giacobino and A. Heidmann and L. Lugiato and S.
           Reynaud and M. Vadacchino and Wang Kaige",
  year = 1990,
  title = "Squeezing in Detuned Degenerate Optical Parametric Oscillators",
  journal = "Quantum Optics",
  volume = 2,
  pages = "159--187"
}
@ARTICLE{79,
  author = "Bartram S. Abbott and Sudhakar Prasad",
  year = 1992,
  title = "Quantum Noise and Squeezing in an Optical Parametric Oscillator
          with Arbitrary Output-Mirror Coupling",
  journal = "Physical Review A",
  volume = 45,
  pages = "5039--5051"
}
@ARTICLE{80,
  author = "Monika A.M. Marte and Peter Zoller",
  year = 1990,
  title = "Sub-Poissonian Laser Output Due to Optical Pumping by Squeezed
          Light",
  journal = "Quantum Optics",
  volume = 2,
  pages = "229--235"
}
@ARTICLE{81,
  author = "J.Ph. Poizat and M.J. Collett and D.F. Walls",
  year = 1992,
  title = "Nondegenerate Two-Mode Squeezing and Quantum-Nondemolition Using
          Three-Level Atoms in a Cavity",
  journal = "Physical Review A",
  volume = 45,
  pages = "5171--5179"
}
@ARTICLE{82,
  author = "Reeta Vyas and Surendra Singh",
  year = 1992,
  title = "Resonance Fluorescence with Squeezed-Light Excitation",
  journal = "Physical Review A",
  volume = 45,
  pages = "8095--8109"
}
@ARTICLE{83,
  author = "C. Wang and Reeta Vyas",
  year = 1992,
  title = "Two-Photon Interaction of a Phased Atom with Squeezed Vacuum
          State",
  journal = "Optics Communications",
  volume = 91,
  pages = "347--353"
}
@ARTICLE{84,
  author = "D.F. Walls",
  year = 1983,
  title = "Squeezed States of Light",
  journal = "Nature",
  volume = 306,
  pages = "141--146"
}
@ARTICLE{85,
  author = "Perry R. Rice and Leno M. Pedrotti",
  year = 1992,
  title = "Fluorescent Spectrum of a Single Atom in a Cavity with Injected
          Squeezed Vacuum",
  journal = "Journal of the Optical Society of America B",
  volume = 9,
  pages = "2008--2014"
}
@ARTICLE{86,
  author = "L.A. Orozco and M.G. Raizen and Min Xiao and R.J. Brecha and H.J.
           Kimble",
  year = 1987,
  title = "Squeezed-State Generation in Optical Bistability",
  journal = "Journal of the Optical Society of America B",
  volume = 4,
  pages = "1490--1500"
}
@UNPUBLISHED{87,
  author = "Michael Martin Nieto",
  title = "What are Squeezed States Really Like?",
  note = "I do not know the original source of this paper."
}
@ARTICLE{88,
  author = "M. Venkata Satyanarayana and P. Rice and Reeta Vyas and H.J.
           Carmichael",
  year = 1989,
  title = "Ringing Revivals in the Interaction of a Two-Level Atom with
          Squeezed Light",
  journal = "Journal of the Optical Society of America B",
  volume = 6,
  pages = "228--237"
}
@ARTICLE{89,
  author = "H. Dekker",
  year = 1986,
  title = "Coherent Tunnelling, Squeezing, Chaotic Behaviour and Fractal
          Dimension in a Bistable Potential",
  journal = "Physics Letters A",
  volume = 119,
  pages = "10--14"
}
@ARTICLE{90,
  author = "L.A. Lugiato and M. Vadacchino and F. Castelli",
  year = 1988,
  title = "Squeezed States in Optical Bistability",
  journal = "Journal de Physique",
  volume = 49,
  pages = "C2-495--C2-497"
}
@ARTICLE{91,
  author = "G.S. Agarwal and S. Dutta Gupta",
  year = 1989,
  title = "Dynamical Interaction of an Atomic Oscillator with Squeezed
          Radiation Inside a Cavity",
  journal = "Physical Review A",
  volume = 39,
  pages = "2961--2968"
}
@ARTICLE{92,
  author = "T.A.B. Kennedy and D.F. Walls",
  year = 1989,
  title = "Amplitude Noise Reduction in Atomic and Semiconductor Lasers",
  journal = "Physical Review A",
  volume = 40,
  pages = "6366--6373"
}
@ARTICLE{93,
  author = "Yoshihisa Yamamoto and Susumu Machida and Wayne H. Richardson",
  month = "Mar",
  year = 1992,
  title = "Photon Number Squeezed States in Semiconductor Lasers",
  journal = "Science",
  volume = 255,
  pages = "1219--1224"
}
@ARTICLE{94,
  author = "S. Reynaud and E. Giacobino",
  month = "Jun",
  year = 1988,
  title = "Squeezing in Bistable Optical Systems",
  journal = "Journal de Physique",
  volume = 49,
  pages = "C2-477--C2-482"
}
@ARTICLE{95,
  author = "Susumu Machida and Yoshihisa Yamamoto",
  year = 1988,
  title = "Ultrabroadband Amplitude Squeezing in a Semiconductor Laser",
  journal = "Physical Review Letters",
  volume = 60,
  pages = "792--794"
}
@ARTICLE{96,
  author = "R.B. Levien and M.J. Collett and D.F. Walls",
  year = 1990,
  title = "Quantum Noise Reduction in Lasers with Intracavity Second-Harmonic
          Generation and Injected Signal",
  journal = "Quantum Optics",
  volume = 2,
  pages = "365--385"
}
@ARTICLE{97,
  author = "Tetsuo Ogawa",
  year = 1989,
  title = "Noise Spectra and Noise Correlation Functions of the Single-Mode
          Laser with a Low-Q Cavity",
  journal = "IEEE Journal of Quantum Electronics",
  volume = 25,
  pages = "2169--2178"
}
@ARTICLE{98,
  author = "Melvin Lax",
  year = 1966,
  title = "Quantum Noise. IV. Quantum Theory of Noise Sources",
  journal = "Physical Review",
  volume = 145,
  pages = "110--129"
}
@ARTICLE{99,
  author = "Melvin Lax and W.H. Louisell",
  year = 1969,
  title = "Quantum Noise. XII. Density-Operator Treatment of Field and
          Population Fluctuations",
  journal = "Physical Review",
  volume = 185,
  pages = "568--591"
}
@ARTICLE{100,
  author = "M.J. Gagen and G.J. Milburn",
  year = 1992,
  title = "Quantum Zeno Effect Induced by Quantum-Nondemolition Measurement
          fo Photon Number",
  journal = "Physical Review A",
  volume = 45,
  pages = "5228--5236"
}
@ARTICLE{101,
  author = "M. Brune and S. Haroche and J.M. Raimond and L. Davidovich and N.
           Zagury",
  year = 1992,
  title = "Manipulation of Photons in a Cavity by Dispersive Atom-Field
          Coupling: Quantum-Nondemolition Measurements and Generation of
          {``}Schr{\"o}dinger Cat{''} States",
  journal = "Physical Review A",
  volume = 45,
  pages = "5193--5214"
}
@ARTICLE{102,
  author = "G. Arroyo-Correa and J.J. Sanchez-Mondragon",
  year = 1990,
  title = "The Jaynes-Cummings Model Thermal Revivals",
  journal = "Quantum Optics",
  volume = 2,
  pages = "409--421"
}
@ARTICLE{103,
  author = "P. Alsing and D.S. Guo and H.J. Carmichael",
  year = 1992,
  title = "Dynamic Stark Effect for the Jaynes-Cummings System",
  journal = "Physical Review A",
  volume = 45,
  pages = "5135--5143"
}
@ARTICLE{104,
  author = "A.J. Campillo and J.D. Eversole and H-B. Lin",
  year = 1991,
  title = "Cavity Quantum Electrodynamic Enhancement of Stimulated Emission
          in Microdroplets",
  journal = "Physical Review Letters",
  volume = 67,
  pages = "437--440"
}
@ARTICLE{105,
  author = "Jack L. Jewell and James P. Harbison and Axel Scherer",
  month = "Nov",
  year = 1991,
  title = "Microlasers",
  journal = "Scientific American",
  pages = "86--94"
}
@ARTICLE{106,
  author = "W.A. Hamel and M.P. Van Exter and K.A. Shore and J.P. Woerdman",
  year = 1992,
  title = "Numerical Study of the Linewidth of a Semiconductor Laser: Effect
          of Saturation",
  journal = "Physical Review A",
  volume = 45,
  pages = "4864--4871"
}
@ARTICLE{107,
  author = "Randall S. Geels and Larry A. Coldren",
  year = 1990,
  title = "Submilliamp Threshold Vertical-Cavity Laser Diodes",
  journal = "Applied Physics Letters",
  volume = 57,
  pages = "1605--1607"
}
@ARTICLE{108,
  author = "J.L. Jewell and S.L. McCall and Y.H. Lee and A. Scherer and A.C.
           Gossard and J.H. English",
  year = 1989,
  title = "Lasing Characteristics of GaAs Microresonators",
  journal = "Applied Physics Letters",
  volume = 54,
  pages = "1400--1402"
}
@ARTICLE{109,
  author = "H. Yokoyama and S.D. Brorson",
  year = 1989,
  title = "Rate Equation Analysis of Microcavity Lasers",
  journal = "Journal of Applied Physics",
  volume = 66,
  pages = "4801--4805"
}
@ARTICLE{110,
  author = "A. Scherer and J.L. Jewell and Y.H. Lee and J.P. Harbison and L.T.
           Florez",
  year = 1989,
  title = "Fabrication of Microlasers and Microresonator Optical Switches",
  journal = "Applied Physics Letters",
  volume = 55,
  pages = "2724--2726"
}
@ARTICLE{111,
  author = "H. Yokoyama",
  month = "April",
  year = 1992,
  title = "Physics and Device Applications of Optical Microcavities",
  journal = "Science",
  volume = 256,
  pages = "66--70"
}
@ARTICLE{112,
  author = "Sang S. Lee and Luis Figueroa and Ramu Ramaswamy",
  year = 1989,
  title = "Variations of Linewidth Enhancement Factor and Linewidth as a
          Function of Laser Geometry in (AlGa)As Lasers",
  journal = "Journal of Quantum Electronics",
  volume = 25,
  pages = "862--870"
}
@ARTICLE{113,
  author = "M. Lindberg and S.W. Koch",
  year = 1988,
  title = "Effective Bloch Equations for Semiconductors",
  journal = "Physical Review B",
  volume = 38,
  pages = "3342--3350"
}
@ARTICLE{114,
  author = "Hartmut Haug and Stephan W. Koch",
  year = 1989,
  title = "Semiconductor Laser Theory with Many-Body Effects",
  journal = "Physical Review A",
  volume = 39,
  pages = "1887--1898"
}
@ARTICLE{115,
  author = "Bjarne Tromborg and Henning Olesen and Xing Pan",
  year = 1991,
  title = "Theory of Linewidth for Multielectrode Laser Diodes with Spatially
          Distributed Noise Sources",
  journal = "Journal of Quantum Electronics",
  volume = 27,
  pages = "178--192"
}
@ARTICLE{116,
  author = "Jin Hyuk Kwon and Do Hoon Kim and Gregory Schuster and Ja H. Lee",
  year = 1992,
  title = "Phase Stability of Injection-Locked Beam of Semiconductor Lasers",
  journal = "NASA Technical Translation 10001",
  pages = "1--6",
  note = "Translation from {\em The Journal of the Optical Society of
         Korea\/}, Vol. 1, Number 2, September 1990, pp. 191--197."
}
@ARTICLE{117,
  author = "Weng W. Chow and David Depatie",
  year = 1988,
  title = "Filamentation in Conventional Double Heterostructure and Quantum
          Well Semiconductor Lasers",
  journal = "Journal of Quantum Electronics",
  volume = 24,
  pages = "1297--1301"
}
@ARTICLE{118,
  author = "Toshihiko Baba and Tetsuko Hamano and Fumio Koyama and Kenichi Iga",
  year = 1991,
  title = "Spontaneous Emission Factor of a Microcavity DBR Surface-Emitting
          Laser",
  journal = "Journal of Quantum Electronics",
  volume = 27,
  pages = "1347--1358"
}
@ARTICLE{119,
  author = "Gunnar Bj{\"o}rk and Susumu Machida and Yoshihisa Yamamoto and
           Kazuhiro Igeta",
  year = 1991,
  title = "Modification of Spontaneous Emission Rate in Planar Dielectric
          Microcavity Structures",
  journal = "Physical Review A",
  volume = 44,
  pages = "669--681"
}
@ARTICLE{120,
  author = "F. De Martini and G.R. Jacobovitz",
  year = 1988,
  title = "Anomalous Spontaneous-Stimulated-Decay Phase Transition and
          Zero-Threshold Laser Action in a Microscopic Cavity",
  journal = "Physical Review Letters",
  volume = 60,
  pages = "1711--1714"
}
@ARTICLE{121,
  author = "Y. Yamamoto and S. Machida and Y. Horikoshi and K. Igeta and G.
           Bj{\"o}rk",
  year = 1991,
  title = "Enhanced and Inhibited Spontaneous Emission of Free Excitons in
          GaAs Quantum Wells in a Microcavity",
  journal = "Optics Communications",
  volume = 80,
  pages = "337--342"
}
@ARTICLE{122,
  author = "S.D. Brorson and H. Yokoyama and E.P. Ippen",
  year = 1990,
  title = "Spontaneous Emission Rate Alteration in Optical Waveguide
          Structures",
  journal = "Journal of Quantum Electronics",
  volume = 26,
  pages = "1492--1499"
}
@ARTICLE{123,
  author = "H. Yokoyama and M. Suzuki and Y. Nambu",
  year = 1991,
  title = "Spontaneous Emission and Laser Oscillation Properties of
          Microcavities Containing a Dye Solution",
  journal = "Applied Physics Letters",
  volume = 58,
  pages = "2598--2600"
}
@ARTICLE{124,
  author = "M. Suzuki and H. Yokoyama and S.D. Brorson and E.P. Ippen",
  year = 1991,
  title = "Observation of Spontaneous Emission Lifetime Change of
          Dye-Containing Langmuir-Blodgett Films in Optical Microcavities",
  journal = "Applied Physics Letters",
  volume = 58,
  pages = "998--1000"
}
@ARTICLE{125,
  author = "Toshihiko Baba and Tetsuko Hamano and Fumio Koyama and Kenichi Iga",
  year = 1992,
  title = "Spontaneous Emission Factor of a Microcavity DBR Surface Emitting
          Laser (II)---Effects of Electron Quantum Confinements",
  journal = "Journal of Quantum Electronics",
  volume = 28,
  pages = "1310--1319"
}
@ARTICLE{126,
  author = "H. Yokoyama and K. Nishi and T. Anan and H. Yamada and S.D.
           Brorson and E.P. Ippen",
  year = 1990,
  title = "Enhanced Spontaneous Emission from GaAs Quantum Wells in
          Monolithic Microcavities",
  journal = "Applied Physics Letters",
  volume = 57,
  pages = "2814--2816"
}
@ARTICLE{127,
  author = "K. Vahala and L.C. Chiu and S. Margalit and A. Yariv",
  year = 1983,
  title = "On the Linewidth Enhancement Factor $\alpha$ in Semiconductor
          Injection Lasers",
  journal = "Applied Physics Letters",
  volume = 42,
  pages = "631--633"
}
@ARTICLE{128,
  author = "Christoph Harder and Kerry Vahala and Amnon Yariv",
  year = 1983,
  title = "Measurement of the Linewidth Enhancement factor $\alpha$ of
          Semiconductor Lasers",
  journal = "Applied Physics Letters",
  volume = 42,
  pages = "328--330"
}
@ARTICLE{129,
  author = "Robert N. Varney and Leon H. Fisher",
  year = 1980,
  title = "Electromotive Force: Volta's Forgotten Concept",
  journal = "Applied Physics Letters",
  volume = 48,
  pages = "405--408"
}
@ARTICLE{130,
  author = "Preben Alstr{\o}m and Poul Hjorth and Richard Mattuck",
  year = 1982,
  title = "Paradox in the Classical Treatment of the Stern-Gerlach
          Experiment",
  journal = "American Journal of Physics",
  volume = 50,
  pages = "697--698"
}
@ARTICLE{131,
  author = "Mendel Sachs",
  month = "Sep",
  year = 1971,
  title = "A Resolution of the Clock Paradox",
  journal = "Physics Today",
  pages = "23--29"
}
@UNPUBLISHED{132,
  author = "N.G. Van Kampen",
  title = "The Gibbs Paradox",
  note = "Actually this {\sc HAS} been published in some book that has to do
         with Dirk ter Haar, but I'm not sure what book it is."
}
@ARTICLE{133,
  author = "Philip W. Anderson",
  month = "feb",
  year = 1990,
  title = "Some Thoughtful Words (not mine) on Research Strategy for
          Theorists",
  journal = "Physics Today",
  pages = 9
}
@ARTICLE{134,
  author = "Daniel Kleppner",
  month = "aug",
  year = 1991,
  title = "Quantum Chaos and the Bow-Stern Enigma",
  journal = "Physics Today",
  pages = "9--11"
}
@ARTICLE{135,
  author = "N. David Mermin",
  month = "jun",
  year = 1990,
  title = "What's Wrong with These Elements of Reality?",
  journal = "Physics Today",
  pages = "9--11"
}
@ARTICLE{136,
  author = "Kate Kirby and Roman Czujko",
  month = "dec",
  year = 1993,
  title = "The Physics Job Market: Bleak for Young Physicists",
  journal = "Physics Today",
  pages = "22--27"
}
@ARTICLE{137,
  author = "Susanne D. Ellis",
  month = "dec",
  year = 1993,
  title = "Initial Employment of Physics Doctorate Recipients: Class of 1992",
  journal = "Physics Today",
  pages = "29--33"
}
@ARTICLE{138,
  author = "Silvan S. Schweber",
  month = "nov",
  year = 1993,
  title = "Physics, Community and the Crisis in Physical Theory",
  journal = "Physics Today",
  pages = "34--40"
}
@ARTICLE{139,
  author = "Anthony P. French",
  month = "nov",
  year = 1993,
  title = "The XXIV Physics Olympiad Examinations",
  journal = "Physics Today",
  pages = "44--51"
}
@ARTICLE{140,
  author = "Freeman Dyson",
  month = "aug",
  year = 1993,
  title = "George Green and Physics",
  journal = "Physics World",
  pages = "33--38"
}
@ARTICLE{141,
  author = "Lillian C. McDermott",
  month = "Apr",
  year = 1993,
  title = "Guest Comment: How We Teach and How Students Learn---A Mismatch?",
  journal = "American Journal of Physics",
  volume = 61,
  pages = "295--298"
}
@ARTICLE{142,
  author = "D.A.G. Deacon and L.R. Elias and J.M.J. Madey and G.J. Ramian and
           H.A. Schwettman and T.I. Smith",
  year = 1977,
  title = "First Operation of a Free-Electron Laser",
  journal = "Physical Review Letters",
  volume = 38,
  pages = "892--894"
}
@ARTICLE{143,
  author = "W.B. Colson",
  year = 1976,
  title = "Theory of a Free Electron Laser",
  journal = "Physics Letters",
  volume = "59A",
  pages = "187--190"
}
@ARTICLE{144,
  author = "Luis R. Elias and William M. Fairbank and John M.J. Madey and H.
           Alan Schwettman and Todd I. Smith",
  year = 1976,
  title = "Observation of Stimulated Emission of Radiation by Relativistic
          Electrons in a Spatially Periodic Transverse Magnetic Field",
  journal = "Physical Review Letters",
  volume = 36,
  pages = "717--720"
}
@ARTICLE{145,
  author = "B.W.J. McNeil",
  year = 1990,
  title = "A Simple Model of the Free Electron Laser Oscillator from Low into
          High Gain",
  journal = "Journal of Quantum Electronics",
  volume = 26,
  pages = "1124--1129"
}
@ARTICLE{146,
  author = "Paul K. Kennedy and Kenneth C. Sun and Ross H. Labbe and Ralph A.
           Cover",
  year = 1989,
  title = "Effect of Various Outcoupling Options on Free-Electron Ring Laser
          Performance",
  journal = "Journal of Quantum Electronics",
  volume = 25,
  pages = "2322--2325"
}
@INBOOK{147,
  author = "Don't Know",
  title = "The Free-Electron Laser",
  chapter = "The Free-Electron Laser",
  pages = "277--297"
}
@INBOOK{148,
  author = "I Also Don't Know",
  title = "Unknown",
  chapter = "Free-Electron Lasers",
  pages = "445--452"
}
@ARTICLE{149,
  author = "C.S. Chang and H.U. Fluhler",
  year = 1990,
  title = "Self-Consistent Quantum-Electrodynamic Calculation of Spontaneous
          Emission and Small-Signal Gain in High-Voltage Free-Electron Lasers",
  journal = "Journal of the Optical Society of America B",
  volume = 7,
  pages = "2061--2075"
}
@ARTICLE{150,
  author = "A.R. Marlow",
  year = 1991,
  title = "A Surprising Mechanics Demonstration",
  journal = "American Journal of Physics",
  volume = 59,
  pages = "951--952"
}
@ARTICLE{151,
  author = "Brian W. Holmes",
  year = 1991,
  title = "Putting: How a Golf Ball and Hole Interact",
  journal = "American Journal of Physics",
  volume = 59,
  pages = "129--136"
}
@ARTICLE{152,
  author = "William M. MacDonald and Stephen Hanzely",
  year = 1991,
  title = "The Physics of the Drive in Golf",
  journal = "American Journal of Physics",
  volume = 59,
  pages = "213--218"
}
@ARTICLE{153,
  author = "Henry P. Freund and Robert K. Parker",
  month = "Apr",
  year = 1989,
  title = "Free-Electron Lasers",
  journal = sciam,
  pages = "84--89"
}
@INBOOK{154,
  author = "Bela A. Lengyel",
  year = 1966,
  title = "Evolution of Masers and Lasers",
  chapter = 99,
  pages = "903--913"
}
@UNPUBLISHED{155,
  author = "P.A. Mitkas and L.J. Irakliotis and F.R. Beyette Jr. and S.A. Feld
           and C.W. Wilmsen",
  title = "An Optoelectronic Data Filter for Selection and Projection",
  note = "Accepted for publication in the Feature Issue of the \emph{Applied
         Optics in Optical Computing} Information Processing Section"
}
@ARTICLE{156,
  author = "Eitan Abraham and Colin T. Seaton and S. Desmond Smith",
  title = "The Optical Computer",
  journal = sciam,
  pages = "85--93"
}
@ARTICLE{157,
  author = "Gerhard Meyer and Nabil M. Amer",
  year = 1988,
  title = "Novel Optical Approach to Atomic Force Microscopy",
  journal = "Applied Physics Letters",
  volume = 53,
  pages = "1045--1047"
}
@ARTICLE{158,
  author = "S. Alexander and L. Hellermans and O. Marti and J. Schneir and V.
           Elings and P.K. Hansma and Matt Longmire and John Gurley",
  year = 1989,
  title = "An Atomic-Resolution Atomic-Force Microscope Implemented Using an
          Optical Lever",
  journal = jap,
  volume = 65,
  pages = "164--167"
}
@ARTICLE{159,
  author = "J.J. S{\'a}enz and N. Garc\'{i}a and P. Gr{\"u}tter and E. Meyer
           and H. Heinzelmann and R. Wiesendanger and L. Rosenthaler and H.R.
           Hidber and H.-J. G{\"u}ntherodt",
  year = 1987,
  title = "Observation of Magnetic Forces by the Atomic Force Microscope",
  journal = jap,
  volume = 62,
  pages = "4293--4295"
}
@ARTICLE{160,
  author = "Y. Martin and C.C. Williams and H.K. Wickramasinghe",
  year = 1987,
  title = "Atomic Force Microscope---Force Mapping and Profiling on a Sub
          100-\AA Scale",
  journal = jap,
  volume = 61,
  pages = "4723--4729"
}
@ARTICLE{161,
  author = "R.M. De La Rue and R.F. Humphryes and I.M. Mason and E.A. Ash",
  year = 1972,
  title = "Acoustic-Surface-Wave Amplitude and Phase Measurements Using Laser
          Probes",
  journal = "Proceedings of the IEE",
  volume = 119,
  pages = "117--126"
}
@ARTICLE{162,
  author = "R. Erlandsson and G.M. McClelland and C.M. Mate and S. Chiang",
  year = 1988,
  title = "Atomic Force Microscopy Using Optical Interferometry",
  journal = "Journal of Vacuum Science Technology A",
  volume = 6,
  pages = "266--270"
}
@ARTICLE{163,
  author = "K. Yusuf Billah and Robert H. Scanlan",
  year = 1991,
  title = "Resonance, Tacoma Narrow Bridge Failure, and Undergraduate Physics
          Textbooks",
  journal = "American Journal of Physics",
  volume = 59,
  pages = "118--124"
}
@ARTICLE{164,
  author = "S.F. Jacobs",
  year = 1988,
  title = "Optical Heterodyne (Coherent) Detection",
  journal = "American Journal of Physics",
  volume = 56,
  pages = "235--245"
}
@ARTICLE{165,
  author = "Gerhard Meyer and Nabil M. Amer",
  year = 1990,
  title = "Optical-Beam-Deflection Atomic Force Microscopy: The NaCl (001)
          Surface",
  journal = "Applied Physics Letters",
  volume = 56,
  pages = "2100--2101"
}
@ARTICLE{166,
  author = "F. Ohnesorge and G. Binnig",
  year = 1993,
  title = "True Atomic Resolution by Atomic Force Microscopy Through
          Repulsive and Attractive Forces",
  journal = "Science",
  volume = 260,
  pages = "1451--1456"
}
@ARTICLE{167,
  author = "U. D{\"u}rig and J.K. Gimzewski and D.W. Pohl",
  year = 1986,
  title = "Experimental Observation of Forces Acting During Scanning
          Tunneling Microscopy",
  journal = "Physical Review Letters",
  volume = 57,
  pages = "2403--2406"
}
@ARTICLE{168,
  author = "M.C. Teich",
  year = 1985,
  title = "Laser Heterodyning",
  journal = "Optica Acta",
  volume = 32,
  pages = "1015--1021"
}
@ARTICLE{169,
  author = "Horace P. Yuen and Vincent W.S. Chan",
  year = 1983,
  title = "Noise in Homodyne and Heterodyne Detection",
  journal = "Optics Letters",
  volume = 8,
  pages = "177--191"
}
@ARTICLE{170,
  author = "D. Rugar and H.J. Mamin and R. Erlandsson and J.E. Stern and B.D.
           Terris",
  year = 1988,
  title = "Force Microscope Using a Fiber-Optic Displacement Sensor",
  journal = "Reviews of Scientific Instruments",
  volume = 59,
  pages = "2337--2340"
}
@ARTICLE{171,
  author = "Dror Sarid and Doug Iams and Volker Weissenberger and L. Stephen
           Bell",
  year = 1988,
  title = "Compact Scanning-Force Microscope Using Laser Diode",
  journal = "Optics Letters",
  volume = 13,
  pages = "1057--1059"
}
@MANUAL{172,
  title = "Introduction to Detectors",
  organization = "Oriel"
}
@ARTICLE{173,
  author = "U. Hartmann",
  year = 1994,
  title = "Fundamentals and Special Applications of Non-Contact Scanning
          Force Microscopy",
  journal = "Advances in Electronics and Electron Physics",
  volume = 87,
  pages = "49--200"
}
@ARTICLE{174,
  author = "Dror Sarid and Virgil Elings",
  year = 1991,
  title = "Review of Scanning Force Microscopy",
  journal = "Journal of Vacuum Science Technology B",
  volume = 9,
  pages = "431--437"
}
@ARTICLE{175,
  author = "Gregor Overney and Weiqing Zhong and David Tom{\'a}nek",
  year = 1991,
  title = "Theory of Eleastic Tip-Surface Interactions in Atomic Force
          Microscopy",
  journal = "Journal of Vacuum Science Technology B",
  volume = 9,
  pages = "479--482"
}
@ARTICLE{176,
  author = "Y. Martin and H. K. Wickramasinghe",
  year = 1987,
  title = "Magnetic Imaging by ``Force Microscopy'' with
          1000$\,$\AA Resolution",
  journal = "Applied Physics Letters",
  volume = 50,
  pages = "1455--1457"
}
@ARTICLE{177,
  author = "N. Umeda and S. Ishizake and H. Uwai",
  year = 1991,
  title = "Scanning Attractive Force Microscopy Using Photothermal Vibration",
  journal = jvstb,
  volume = 9,
  pages = "1318--1322"
}
@ARTICLE{178,
  author = "Allan J. Melmed",
  year = 1991,
  title = "The Art and Science and Other Aspects of Making Sharp Tips",
  journal = jvstb,
  volume = 9,
  pages = "601--608"
}
@ARTICLE{179,
  author = "C. Sch{\"o}nenbrger and S.F. Alvarado",
  year = 1989,
  title = "A Differential Interferometer for Force Microscopy",
  journal = "Reviews of Scientific Instruments",
  volume = 60,
  pages = "3131--3134"
}
@ARTICLE{180,
  author = "John Elie Sader and Lee White",
  year = 1993,
  title = "Theoretical Analysis of the Static Deflection of Plates for Atomic
          Force Microscope Applications",
  journal = jap,
  volume = 74,
  pages = "1--9"
}
@ARTICLE{181,
  author = "U. Hartmann",
  year = 1991,
  title = "Theory of van der Waals Microscopy",
  journal = jvstb,
  volume = 9,
  pages = "465--469"
}
@ARTICLE{182,
  author = "J.N. Israelachvili and D. Tabor",
  year = 1972,
  title = "The Measurement of van der Waals Dispersion Forces in the Range
          1.5 to 130$\,$nm.",
  journal = "Proceedings of the Royal Society of London A",
  volume = 331,
  pages = "19--38"
}
@ARTICLE{183,
  author = "A.L. Weisenhorn and P.K. Hansma and T.R. Albrecht and C.F. Quate",
  year = 1989,
  title = "Forces in Atomic Force Microscopy in Air and Water",
  journal = "Applied Physics Letters",
  volume = 54,
  pages = "2651--2653"
}
@ARTICLE{184,
  author = "C. Mathew Mate and Gary M. McClelland and Ragnar Erlandsson and
           Shirley Chiang",
  year = 1987,
  title = "Atomic-Scale Friction of a Tungsten Tip on a Graphite Surface",
  journal = "Physical Review Letters",
  volume = 59,
  pages = "1942--1945"
}
@ARTICLE{185,
  author = "C. Sch{\"o}nenberger and S.F. Alvarado",
  year = 1990,
  title = "Observation of Single Charge Carriers by Force Microscopy",
  journal = "Physical Review Letters",
  volume = 65,
  pages = "3162--3164"
}
@ARTICLE{186,
  author = "Farid F. Abraham and Inder P. Batra and S. Ciraci",
  year = 1988,
  title = "Effect of Tip Profile on Atomic-Force Microscope Images: A Model
          Study",
  journal = "Physical Review Letters",
  volume = 60,
  pages = "1314--1317"
}
@ARTICLE{187,
  author = "O. Marti and B. Drake and P.K. Hansma",
  year = 1987,
  title = "Atomic Force Microscopy of Liquid-Covered Surfaces: Atomic
          Resolution Images",
  journal = "Applied Physics Letters",
  volume = 51,
  pages = "484--486"
}
@ARTICLE{188,
  author = "A.L. Weisenhorn and P.N. Henriksen and H.T. Chu and R.D. Ramsier
           and D.H. Reneker",
  year = 1991,
  title = "Atomically Resolved Images of Bismuth Films on Mica with an Atomic
          Force Microscope",
  journal = jvstb,
  volume = 9,
  pages = "1333--1335"
}
@ARTICLE{189,
  author = "Jeffrey L. Hutter and John Bechhoefer",
  year = 1993,
  title = "Manipulation of van der Waals Forces to Improve Image Resolution
          in Atomic-Force Microscopy",
  journal = jap,
  volume = 73,
  pages = "4123--4129"
}
@ARTICLE{190,
  author = "H. Kumar Wickramasinghe",
  year = 1990,
  title = "Scanning Probe Microscopy: Current Status and Future Trends",
  journal = "Journal of Vacuum Science Technology A",
  volume = 8,
  pages = "363--368"
}
@ARTICLE{191,
  author = "Huang Wen Hao and A.M. Bar{\'o} and J.J. S{\'a}enz",
  year = 1991,
  title = "Electrostatic and Contact Forces in Force Microscopy",
  journal = jvstb,
  volume = 9,
  pages = "1323--1328"
}
@ARTICLE{192,
  author = "G. Binnig and Ch. Gerber and E. Stoll and T.R. Albrecht and C.F.
           Quate",
  year = 1987,
  title = "Atomic Resolution with Atomic Force Microscope",
  journal = "Europhysics Letters",
  volume = 3,
  pages = "1281--1286"
}
@ARTICLE{193,
  author = "D. Tom{\'a}nek and G. Overney and H. Miyazaki and S.D. Mahanti and
           H.J. G{\"u}ntherodt",
  year = 189,
  title = "Theory for the Atomic Force Microscopy of Deformable Surfaces",
  journal = "Physical Review Letters",
  volume = 63,
  pages = "876--879"
}
@ARTICLE{194,
  author = "J.B. Pethica and W.C. Oliver",
  year = 1987,
  title = "Tip Surface Interactions in STM and AFM",
  journal = "Physica Scripta",
  volume = "T19",
  pages = "61--66"
}
@ARTICLE{195,
  author = "B.D. Terris and J.E. Stern and D. Rugar and H.J. Mamin",
  year = 1989,
  title = "Contact Electrification Using Force Microscopy",
  journal = "Physical Review Letters",
  volume = 63,
  pages = "2669--2672"
}
@ARTICLE{196,
  author = "H.G. Hansma and A.L. Weisenhorn and S.A.C. Gould and R.L.
           Sinsheimer and H.E. Gaub and G.D. Stucky and C.M. Zaremba and P.K.
           Hansma",
  year = 1991,
  title = "Progress in Sequencing Deoxyribonucleic Acid with an Atomic Force
          Microscope",
  journal = jvstb,
  volume = 9,
  pages = "1282--1284"
}
@ARTICLE{197,
  author = "P.K. Hansma and V.B. Elings and O. Marti and C.E. Bracker",
  month = "oct",
  year = 1988,
  title = "Scanning Tunneling Microscopy and Atomic Force Microscopy:
          Application to Biology and Technology",
  journal = "Science",
  volume = 242,
  pages = "209--216"
}
@ARTICLE{198,
  author = "G. Binnig and C.F. Quate and Ch. Gerber",
  year = 1986,
  title = "Atomic Force Microscope",
  journal = "Physical Review Letters",
  volume = 56,
  pages = "930--933"
}
@ARTICLE{199,
  author = "Louis Hellemans and Koen Waeyaert and Frans Hennau",
  year = 1991,
  title = "Can Atomic Force Microscopy Tips be Inspected by Atomic Force
          Microscopy",
  journal = jvstb,
  volume = 9,
  pages = "1309--1312"
}
@ARTICLE{200,
  author = "J.P. Cleveland and S. Manne and D. Bocek and P.K. Hansma",
  year = 1993,
  title = "A Nondestructive Method for Determining the Spring Constant of
          Cantilevers for Scanning Force Microscopy",
  journal = "Reviews of Scientific Instruments",
  volume = 64,
  pages = "403--405"
}
@ARTICLE{201,
  author = "J.E. Stern and B.D. Terris and H.J. Mamin and D. Rugar",
  year = 1988,
  title = "Deposition and Imaging of Localized Charge on Insulator Surfaces
          Using a Force Microscope",
  journal = "Applied Physics Letters",
  volume = 53,
  pages = "2717--2719"
}
@ARTICLE{202,
  author = "S.A.C. Gould and B. Drake and C.B. Prater and A.L. Weisenhorn and
           S. Manne and H.G. Hansma and P.K. Hansma and J. Massie and M.
           Longmire and V. Elings and B. Dixon Northern and B. Mukergee and
           C.M Peterson and W. Stoeckenius and T.R. Albrecht and C.F. Quate",
  year = 1990,
  title = "From Atoms to Integrated Circuit Chips, Blood Cells, and Bacteria
          with the Atomic Force Microscope",
  journal = "Journal of Vacuum Science Technology A",
  volume = 8,
  pages = "369--373"
}
@INCOLLECTION{203,
  author = "E. Meyer and H. Heinzelmann",
  title = "Scanning Force Microscopy (SFM)",
  booktitle = "Don't Know",
  pages = "99-149"
}
@ARTICLE{204,
  author = "E. Meyer and H. Heinzelmann and D. Brodbeck and G. Overney and R.
           Overney and L. Howald and H. Hug and T. Jung and H.-R. Hidber and
           H.-J. G{\"u}ntherodt",
  year = 1991,
  title = "Atomic Resolution on the Surface of LiF(100) by Atomic Force
          Microscopy",
  journal = jvstb,
  volume = 9,
  pages = "1329--1332"
}
@ARTICLE{205,
  author = "S.A.C. Gould and K. Burke and P.K. Hansma",
  year = 1989,
  title = "Simple Theory for the Atomic-Force Microscope with a Comparison of
          Theoretical and Experimental Images of Graphite",
  journal = "Physical Review B",
  volume = 40,
  pages = "5363--5366"
}
@ARTICLE{206,
  author = "Daniel Rugar and Paul Hansma",
  month = "oct",
  year = 1990,
  title = "Atomic Force Microscopy",
  journal = "Physics Today",
  pages = "23--30"
}
@ARTICLE{207,
  author = "K. Sueoka and K. Okuda and N. Matsubara and F. Sai",
  year = 1991,
  title = "Study of Tip Magnetization Behavior in Magnetic Force Microscope",
  journal = jvstb,
  volume = 9,
  pages = "1313--1317"
}
@ARTICLE{208,
  author = "P.G.H. Sandars",
  year = 1987,
  title = "Parity and Time-Reversal Violation in Atoms and Molecules",
  journal = "Physica Scripta",
  volume = 36,
  pages = "904--910"
}
@ARTICLE{209,
  author = "E. Lindroth and B.W. Lynn and P.G.H. Sandars",
  year = 1989,
  title = "Order $\alpha ^2$ theory of the Atomic Electric Dipole Moment Due
          to an Electric Dipole Moment on the Electron",
  journal = "Journal of Physics B: Atomic and Molecular Optical Physics",
  volume = 22,
  pages = "559--576"
}
@ARTICLE{210,
  author = "E.E. Salpeter",
  year = 1958,
  title = "Some Atomic Effects of an Electronic Electric Dipole Moment",
  journal = "Physical Review",
  volume = 112,
  pages = "1642--1648"
}
@ARTICLE{211,
  author = "T.G. Vold and F.J. Raab and B. Heckel and E.N. Fortson",
  year = 1984,
  title = "Search for a Permanent Electric Dipole Moment on the ${}^{129}$Xe
          Atom",
  journal = "Physical Review Letters",
  volume = 52,
  pages = "2229--2232"
}
@ARTICLE{212,
  author = "P.D. Scholten and L.J. Irakliotis",
  year = 1993,
  title = "Critical Behavior of the $q$-state Clock Model in Three
          Dimensions",
  journal = "Physical Review B",
  volume = 48,
  pages = "1291--1294"
}
@UNPUBLISHED{213,
  author = "L.J. Irakliotis and Pericles A. Mitkas and P.D. Scholten and David
           R. King",
  year = 1993,
  title = "Spin Pattern Classification for Chiral Models Using Adaptive
          Resonance Theory"
}
@ARTICLE{214,
  author = "S.D. Marcum and J.L. Myers and M.A. Gieske and M. Tackett and B.N.
           Ganguly",
  year = 1991,
  title = "The Effect of Radiative Cascade on Electron Excitation Temperature
          Measurements",
  journal = jap,
  volume = 69,
  pages = "27--33"
}
@ARTICLE{215,
  author = "Daniel F. Styer",
  year = 1990,
  title = "Simple Derivation of Lagrange's Three-Body Equilibrium",
  journal = "American Journal of Physics",
  volume = 58,
  pages = "917--919"
}
@ARTICLE{216,
  author = "Lars Onsager",
  year = 1944,
  title = "Crystal Statistics. I. A Two-Dimensional Model with an
          Order-Disorder Transition",
  journal = "Physical Review",
  volume = 65,
  pages = "117--149"
}
@ARTICLE{217,
  author = "D.B. Nguyen",
  year = 1991,
  title = "The Relativistic Transformations of Velocity, Acceleration, and
          Higher Derivatives as Differentials of Nonlinear Extensions of the
          Lorentz Transformation",
  journal = "American Journal of Physics",
  volume = 59,
  pages = "748--751"
}
@ARTICLE{218,
  author = "Ivan H. Deutsch",
  year = 1991,
  title = "A Basis-Independent Approach to Quantum Optics",
  journal = "American Journal of Physics",
  volume = 59,
  pages = "854--839"
}
@ARTICLE{219,
  author = "P.W. Milonni and M.-L. Shih",
  year = 1991,
  title = "Zero-Point Energy in Early Quantum Theory",
  journal = "American Journal of Physics",
  volume = 59,
  pages = "684--698"
}
@ARTICLE{220,
  author = "Mich{\`e}le Glass-Maujean and H. Henry Stroke",
  year = 1991,
  title = "Rotating Coordinates and the Ramsey Separated Oscillating-Field
          Resonance Method",
  journal = "American Journal of Physics",
  volume = 59,
  pages = "886--890"
}
@ARTICLE{221,
  author = "M. Hillery and R.F. O'Connell and M.O. Scully and E.P. Wigner",
  year = 1984,
  title = "Distribution Functions in Physics: Fundamentals",
  journal = "Physics Reports",
  volume = 106,
  pages = "121--167"
}
@ARTICLE{222,
  author = "Richard E. Berg and Todd S. Marshall",
  year = 1991,
  title = "Wilberforce Pendulum Oscillations and Normal Modes",
  journal = "American Journal of Physics",
  volume = 59,
  pages = "32--38"
}
@MISC{223,
  author = "C. Rubbia and Others",
  year = 1978,
  title = "A $4\pi$ Solid Angle Detector for the SPS Used as a
          Proton-Antiproton Collider at a Centre of Mass Energy of 540 GeV",
  note = "European Organization for Nuclear Research---Proposal"
}
@UNPUBLISHED{224,
  author = "J. Gea-Banacloche",
  year = 1993,
  title = "State Preparation by a Quantum Field: A Nonclassical Effect in
          Cavity Quantum Electrodynamics",
  note = "The discussion on spontaneous emission in this unpublished paper
         was the starting point for my research with Julio"
}
@ARTICLE{225,
  author = "G.A. Finney and J. Gea-Banacloche",
  year = 1994,
  title = "Quasiclassical Approximation for the Spin-Boson Hamiltonian with
          Counterrotating Terms",
  journal = "Physical Review A",
  volume = 50,
  pages = "2040--2052"
}
@ARTICLE{226,
  author = "Julio Gea-Banacloche",
  year = 1991,
  title = "Atom- and Field-State Evolution in the Jaynes-Cummings Model for
          Large Initial Fields",
  journal = "Physical Review A",
  volume = 44,
  pages = "5913--5931"
}
@UNPUBLISHED{227,
  author = "J. Gea-Banacloche",
  year = 1993,
  title = "Cavity Quantum Electrodynamics and the Quantum-Classical
          Correspondence",
  note = "A proposal submitted to the NSF."
}
@ARTICLE{228,
  author = "J. Gea-Banacloche",
  year = 1992,
  title = "A New Look at the Jaynes-Cummings Model for Large Fields: Bloch
          Sphere Evolution and Detuning Effects",
  journal = "Optics Communications",
  volume = 88,
  pages = "531--550"
}
@ARTICLE{229,
  author = "Julio Gea-Banacloche",
  year = 1990,
  title = "Collapse and Revival of the State Vector in the Jaynes-Cummings
          Model: An Example of State Preparation by a Quantum Apparatus",
  journal = "Physical Review Letters",
  volume = 65,
  pages = "3385--3388"
}
@INPROCEEDINGS{230,
  author = "J. Gea-Banacloche",
  editor = "Truman D. Black and Michael Martin Nieto and H.S. Pilloff and
           Marlan O. Scully and Rolf M. Sinclair",
  year = 1991,
  title = "The Schr{\"o}dinger Cat in the Jaynes-Cummings Model",
  booktitle = "Foundations of Quantum Mechanics",
  pages = "248--254",
  publisher = "World Scientific"
}
@ARTICLE{231,
  author = "J. Gea-Banacloche",
  year = 1993,
  title = "Jaynes-Cummings Model with Quasiclassical Fields: The Effect of
          Dissipation",
  journal = "Physical Review A",
  volume = 47,
  pages = "2221--2234"
}
@ARTICLE{232,
  author = "Julio Gea-Banacloche",
  year = 1992,
  title = "Loss of State Purity and Regularity in the Jaynes-Cummings Model",
  journal = "Physical Review A",
  volume = 46,
  pages = "7307--7310"
}
@ARTICLE{233,
  author = "L.C.B. Ryff",
  year = 1993,
  title = "Franson's Experiment Using Polarized Photons",
  journal = "Physical Review A",
  volume = 48,
  pages = "1020--1022"
}
@ARTICLE{234,
  author = "M.J. Gagen and G.J. Milburn",
  year = 1993,
  title = "Atomic Tests of the Zeno Effect",
  journal = "Physical Review A",
  volume = 47,
  pages = "1467--1479"
}
@ARTICLE{235,
  author = "Robert B. Griffiths",
  year = 1993,
  title = "Consistent Interpretation of Quantum Mechanics Using Quantum
          Trajectories",
  journal = "Physical Review Letters",
  volume = 70,
  pages = "2201--2204"
}
@ARTICLE{236,
  author = "C.W. Gardiner",
  year = 1993,
  title = "Driving a Quantum System with the Output Field From Another Driven
          Quantum System",
  journal = "Physical Review Letters",
  volume = 70,
  pages = "2269--2272"
}
@ARTICLE{237,
  author = "H.J. Carmichael",
  year = 1993,
  title = "Quantum Trajectory Theory for Cascaded Open Systems",
  journal = "Physical Review Letters",
  volume = 70,
  pages = "2273--2276"
}
@ARTICLE{238,
  author = "H.M. Wiseman and G.J. Milburn",
  year = 1993,
  title = "Quantum Theory of Field-Quadrature Measurements",
  journal = "Physical Review A",
  volume = 47,
  pages = "642---662"
}
@ARTICLE{239,
  author = "L. Tian and H.J. Carmichael",
  year = 1992,
  title = "Quantum Trajectory Simulations of the Two-State Behavior of an
          Optical Cavity Containing One Atom",
  journal = "Physical Review A",
  volume = 46,
  pages = "R6801--R6804"
}
@ARTICLE{240,
  author = "Giles Henderson",
  year = 1980,
  title = "Quantum Dynamics and a Semiclassical Description of the Photon",
  journal = "American Journal of Physics",
  volume = 48,
  pages = "604--611"
}
@ARTICLE{241,
  author = "A.S. Manka and E.J. D'Angelo and L.M. Narducci and M.O. Scully",
  year = 1993,
  title = "Fluctuations and Correlations in Quantum-Optical Systems: An
          Alternative Computational Approach",
  journal = "Physical Review A",
  volume = 47,
  pages = "4236--4247"
}
@ARTICLE{242,
  author = "K.J. McNeil",
  year = 1993,
  title = "Quantum Dynamics of a Coherently Driven Nonlinear Oscillator",
  journal = "Journal of Modern Optics",
  volume = 40,
  pages = "1957--1971"
}
@ARTICLE{243,
  author = "Roy J. Glauber",
  year = 1963,
  title = "Coherent and Incoherent States of the Radiation Field",
  journal = "Physical Review",
  volume = 131,
  pages = "2766--2788"
}
@ARTICLE{244,
  author = "K. Zaheer and M.S. Zubairy",
  year = 1988,
  title = "Atom-Field Interaction Without the Rotating-Wave Approximation: A
          Path-Integral Approach",
  journal = "Physical Review A",
  volume = 37,
  pages = "1628--1633"
}
@ARTICLE{245,
  author = "R. Loudon and P.L. Knight",
  year = 1987,
  title = "Squeezed Light",
  journal = "Journal of Modern Optics",
  volume = 34,
  pages = "709--759"
}
@ARTICLE{246,
  author = "Alain Aspect and Philippe Grangier and G{\'e}rard Roger",
  year = 1982,
  title = "Experimental Realization of Einstein-Podolsky-Rosen-Bohm
          {\em Gedankenexperiment\/}: A New Violation of Bell's Inequalities",
  journal = "Physical Review Letters",
  volume = 49,
  pages = "91--94"
}
@ARTICLE{247,
  author = "B. Yurke and D. Stoler",
  year = 1986,
  title = "Generating Quantum Mechanical Superpositions of Macroscopically
          Distinguishable States via Amplitude Dispersion",
  journal = "Physical Review Letters",
  volume = 57,
  pages = "13--16"
}
@ARTICLE{248,
  author = "A. Tonomura and J. Endo and T. Matsuda and T. Kawasaki and H.
           Ezawa",
  year = 1989,
  title = "Demonstration of Single-Electron Buildup of an Interference
          Pattern",
  journal = "American Journal of Physics",
  volume = 57,
  pages = "117--120"
}
@ARTICLE{249,
  author = "Tran Quang and P.L. Knight and V. Bu{\u z}ek",
  year = 1991,
  title = "Quantum Collapses and Revivals in an Optical Cavity",
  journal = "Physical Review A",
  volume = 44,
  pages = "6092--6096"
}
@ARTICLE{250,
  author = "X.Y. Zou and L.J. Wang and L. Mandel",
  year = 1991,
  title = "Induced Coherence and Indistinguishability in Optical
          Interference",
  journal = "Physical Review Letters",
  volume = 67,
  pages = "318--321"
}
@ARTICLE{251,
  author = "B.R. Mollow",
  year = 1975,
  title = "Pure-State Analysis of Resonant Light Scattering: Radiative
          Damping, Saturation, and Multiphoton Effects",
  journal = "Physical Review A",
  volume = 12,
  pages = "1919--1943"
}
@ARTICLE{252,
  author = "Gerhard C. Hegerfeldt",
  year = 1993,
  title = "How to Reset an Atom After a Photon Detection: Applications to
          Photon-Counting Processes",
  journal = "Physical Review A",
  volume = 47,
  pages = "449--455"
}
@ARTICLE{253,
  author = "P. Filipowicz",
  year = 1986,
  title = "Quantum Revivals in the Jaynes-Cummings Model",
  journal = "Journal of Physics A: Mathematical and General",
  volume = 19,
  pages = "3785--3795"
}
@ARTICLE{254,
  author = "M. Fleischhauer and W.P. Schleich",
  year = 1993,
  title = "Revivals Made Simple: Poisson Summation Formula as a Key to the
          Revivals in the Jaynes-Cummings Model",
  journal = "Physical Review A",
  volume = 47,
  pages = "4258--4269"
}
@ARTICLE{255,
  author = "Klaus M{\o}lmer and Yvan Castin and Jean Dalibard",
  year = 1993,
  title = "Monte Carlo Wave-Function Method in Quantum Optics",
  journal = "Journal of the Optical Society of America B",
  volume = 10,
  pages = "524--538"
}
@ARTICLE{256,
  author = "Wolfgang Rindler",
  year = 1994,
  title = "General Relativity Before Special Relativity: An Unconventional
          Overview of Relativity Theory",
  journal = "American Journal of Physics",
  volume = 62,
  pages = "887--893"
}
@ARTICLE{257,
  author = "N. David Mermin",
  year = 1994,
  title = "Quantum Mysteries Refined",
  journal = "American Journal of Physics",
  volume = 62,
  pages = "880--887"
}
@ARTICLE{258,
  author = "Thomas F. Jordan",
  year = 1994,
  title = "Quantum Mysteries Explored",
  journal = "American Journal of Physics",
  volume = 62,
  pages = "874--880"
}
@ARTICLE{259,
  author = "Jean Dalibard and Yvan Castin and Klaus M{\o}lmer",
  year = 1992,
  title = "Wave-Function Approach to Dissipative Processes in Quantum Optics",
  journal = "Physical Review Letters",
  volume = 68,
  pages = "580--583"
}
@ARTICLE{260,
  author = "E. Richard Cohen and Barry N. Taylor",
  month = "aug",
  year = 1994,
  title = "The Fundamental Physical Constants",
  journal = "Physics Today",
  pages = "9--13"
}
@ARTICLE{261,
  author = "Robert A. Nelson",
  month = "aug",
  year = 1994,
  title = "Guide for Metric Practice",
  journal = "Physics Today",
  pages = "15--16"
}
@ARTICLE{262,
  author = "Norman F. Smith",
  year = 1972,
  title = "Bernoulli and Newton in Fluid Mechanics",
  journal = "The Physics Teacher",
  volume = 10,
  pages = "451--455"
}
@ARTICLE{263,
  author = "John H. Storer",
  month = "apr",
  year = 1952,
  title = "Bird Aerodynamics",
  journal = sciam,
  volume = 186,
  pages = "24--29"
}
@ARTICLE{264,
  author = "David L. Webster",
  year = 1947,
  title = "What Shall We Say About Airplanes?",
  journal = "American Journal of Physics",
  volume = 15,
  pages = "228--237"
}
@ARTICLE{265,
  author = "Sheila Tobias",
  month = "may/jun",
  year = 1992,
  title = "Science Education Reform: What's Wrong with the Process",
  journal = "Change",
  pages = "13--19"
}
@ARTICLE{266,
  author = "C. Wang and Reeta Vyas",
  year = 1992,
  title = "Two-Photon Interaction of a Phased Atom with Squeezed Vacuum
          State",
  journal = "Optics Communications",
  volume = 91,
  pages = "347--353"
}
@ARTICLE{267,
  author = "Class of William G. Harter",
  year = 1971,
  title = "Velocity Amplification in Collision Experiments Involving
          Superballs",
  journal = "American Journal of Physics",
  volume = 39,
  pages = "656--663"
}
@ARTICLE{268,
  author = "George Greenstein and Arthur G. Zajonc",
  year = 1995,
  title = "Do Quantum Jumps Occur at Well-Defined Moments of Time?",
  journal = "American Journal of Physics",
  volume = 63,
  pages = "743--745"
}
@ARTICLE{269,
  author = "M.R. Young and Surendra Singh",
  year = 1988,
  title = "Measurements of First-Passage-Time Distributions in Laser
          Transients Near Threshold",
  journal = "Journal of the Optical Society of America B",
  volume = 5,
  pages = "1011--1019"
}
@ARTICLE{270,
  author = "J.G. Rarity and P.R. Tapster",
  year = 1990,
  title = "Experimental Violation of Bell's Inequality Based on Phase and
          Momentum",
  journal = "Physical Review Letters",
  volume = 64,
  pages = "2495--2498"
}
@ARTICLE{271,
  author = "J.G. Rarity and P.R. Tapster and E. Jakeman and T. Larchuk and
           R.A. Campos and M.C. Teich and B.E.A. Saleh",
  year = 1990,
  title = "Two-Photon Interference in a Mach-Zehnder Interferometer",
  journal = "Physical Review Letters",
  volume = 65,
  pages = "1348--1351"
}
@ARTICLE{272,
  author = "Reeta Vyas and Surendra Singh",
  year = 1992,
  title = "Resonance Fluorescence with Squeezed-Light Excitation",
  journal = "Physical Review A",
  volume = 45,
  pages = "8095--8109"
}
@ARTICLE{273,
  author = "H.-I. Yoo and J.H. Eberly",
  year = 1985,
  title = "Dynamical Theory of an Atom with Two or Three Levels Interacting
          with Quantized Cavity Fields",
  journal = "Physics Reports",
  volume = 118,
  pages = "239--337"
}
@ARTICLE{274,
  author = "M. Naraschewski and A. Schenzle",
  year = 1995,
  title = "Monte Carlo Integration of Dissipative Quantum Systems",
  journal = "Zeitschrift f{\"u}r Physik D",
  volume = 33,
  pages = "79--88"
}
@ARTICLE{275,
  author = "Changxin Wang and Reeta Vyas",
  year = 1995,
  title = "Fokker-Planck Equation for a Single Two-Level Atom: Applications
          in the Bad-Cavity Limit",
  journal = "Physical Review A",
  volume = 51,
  pages = "2516--2529"
}
@ARTICLE{276,
  author = "Ho Trung Dung and R. Tana\'{s} and S.S. Shumovsky",
  year = 1990,
  title = "Collapses, Revivals, and Phase Properties of the Field in
          Jaynes-Cummings Type Models",
  journal = "Optics Communications",
  volume = 79,
  pages = "462--469"
}
@ARTICLE{277,
  author = "J.H. Eberly and N.B. Narozhny and J.J. Sanchez-Mondragon",
  year = 1980,
  title = "Periodic Spontaneous Collapse and Revival in a Simple Quantum
          Model",
  journal = "Physical Review Letters",
  volume = 44,
  pages = "1323--1326"
}
@ARTICLE{278,
  author = "N.B. Narozhny and J.J. Sanchez-Mondragon and J.H. Eberly",
  year = 1981,
  title = "Coherence Versus Incoherence: Collapse and Revival in a Simple
          Quantum Model",
  journal = "Physical Review A",
  volume = 23,
  pages = "236--247"
}
@ARTICLE{279,
  author = "Bruce W. Shore and Peter L. Knight",
  year = 1993,
  title = "Topical Review: The Jaynes-Cummings Model",
  journal = "Journal of Modern Optics",
  volume = 40,
  pages = "1195--1238"
}
@ARTICLE{280,
  author = "William G. Harter and Narciso Dos Santos",
  year = 1978,
  title = "Double-Group Theory on the Half-Shell and the Two-Level System. I.
          Rotation and Half-Integral Spin States",
  journal = "American Journal of Physics",
  volume = 46,
  pages = "251--263"
}
@ARTICLE{281,
  author = "William G. Harter and Narciso Dos Santos",
  year = 1978,
  title = "Double-Group Theory on the Half-Shell and the Two-Level System.
          II. Optical Polarization",
  journal = "American Journal of Physics",
  volume = 46,
  pages = "264--273"
}
@UNPUBLISHED{282,
  author = "P.R. Rice",
  title = "Approximations in the Treatment of Collapse and Revivals in the
          Jaynes-Cummings Problem",
  note = "These are notes from Howard Carmichael"
}
@ARTICLE{283,
  author = "Winfried Frank and Peter Von Brentano",
  year = 1994,
  title = "Classical Analogy to Quantum Mechanical Level Repulsion",
  journal = "American Journal of Physics",
  volume = 62,
  pages = "706--709"
}
@ARTICLE{284,
  author = "G. Rebmann and L. Viennot",
  year = 1994,
  title = "Teaching Algebraic Coding: Stakes, Difficulties, and Suggestions",
  journal = "American Journal of Physics",
  volume = 62,
  pages = "723--727"
}
@ARTICLE{285,
  author = "William G. Harter",
  month = "Sep/oct",
  year = 1991,
  title = "Nothing Going Nowhere Fast: Computer Graphics in Physics Courses",
  journal = "Computers in Physics",
  pages = "466--478"
}
@ARTICLE{286,
  author = "E. Snoeks and A. Lagendijk and A. Polman",
  year = 1995,
  title = "Measuring and Modifying the Spontaneous Emission Rate of Erbium
          Near and Interface",
  journal = "Physical Review Letters",
  volume = 74,
  pages = "2459--2462"
}
@ARTICLE{287,
  author = "N.B. Abraham and John C. Huang and D.A. Kranz and Edward B.
           Rockower",
  year = 1981,
  title = "Amplified-Spontaneous-Emission Intensity Fluctuations",
  journal = "Physical Review A",
  volume = 24,
  pages = "2556--2566"
}
@ARTICLE{288,
  author = "Yujiang Qu and Surendra Singh",
  year = 1995,
  title = "Measurements of Photon Statistics in Second-Harmonic Generation",
  journal = "Physical Review A",
  volume = 51,
  pages = "2530--2536"
}
@ARTICLE{289,
  author = "Kikuo Ujihara",
  year = 1975,
  title = "Quantum Theory of a One-Dimensional Optical Cavity with Output
          Coupling. Field Quantization",
  journal = "Physical Review A",
  volume = 12,
  pages = "148--158"
}
@ARTICLE{290,
  author = "Kikuo Ujihara",
  year = 1977,
  title = "Quantum Theory of a One-Dimensional Laser with Output Coupling.
          Linear Theory",
  journal = "Physical Review A",
  volume = 16,
  pages = "652--658"
}
@ARTICLE{291,
  author = "Kikuo Ujihara",
  year = 1984,
  title = "Quantum Theory of a One-Dimensional Laser with Output Coupling.
          II. Phase Noise Above Threshold",
  journal = "Physical Review A",
  volume = 29,
  pages = "3253--3263"
}
@ARTICLE{292,
  author = "Kikuo Ujihara",
  year = 1979,
  title = "Quantum Theory of a One-Dimensional Optical Cavity with Output
          Coupling. III. Cavity Quasimodes as the Field Eigenvalue",
  journal = "Physical Review A",
  volume = 20,
  pages = "1096--1104"
}
@ARTICLE{293,
  author = "J.C. Penaforte and B. Baseia",
  year = 1984,
  title = "Quantum Theory of a One-Dimensional Laser with Output Coupling:
          Linear Approximation",
  journal = "Physical Review A",
  volume = 30,
  pages = "1401--1406"
}
@UNPUBLISHED{294,
  author = "Ilya Prigogine and Tomio Y. Petrosky",
  title = "Intrinsic Irreversibility in Quantum Theory"
}
@UNPUBLISHED{295,
  author = "Ilya Prigogine and Tomio Y. Petrosky",
  title = "Poincar\'e's Theorem and Unitary Transformations for Classical and
          Quantum Systems"
}
@UNPUBLISHED{296,
  author = "Ilya Prigogine and Tomio Y. Petrosky",
  title = "An Alternative to Quantum Theory"
}
@UNPUBLISHED{297,
  author = "Marlan O. Scully",
  title = "Quantum Action Principle",
  note = "These are notes apparently written by M.O. Scully."
}
@UNPUBLISHED{298,
  author = "Unknown",
  title = "Non-Markovian Effects in a Two-Mode Laser",
  note = "These notes were written by someone, but I do not know who."
}
@ARTICLE{299,
  author = "F.N.H. Robinson",
  year = 1971,
  title = "The Microscopic and Macroscopic Equations of the Electromagnetic
          Field",
  journal = "Physica",
  volume = 54,
  pages = "329--341"
}
@ARTICLE{300,
  author = "David S. Citrin",
  year = 1994,
  title = "Controlled Exciton Spontaneous Emission in
          Optical-Microcavity-Embedded Quantum Wells",
  journal = "Journal of Quantum Electronics",
  volume = 30,
  pages = "997--1014"
}
@ARTICLE{301,
  author = "David S. Citrin",
  year = 1993,
  title = "Excitonic Spontaneous Emission in Semiconductor Quantum Wires",
  journal = "Journal of Quantum Electronics",
  volume = 29,
  pages = "2117--2122"
}
@ARTICLE{302,
  author = "D.S. Citrin",
  year = 1993,
  title = "Radiative Lifetimes of Excitons in Quantum Wells: Localization and
          Phase-Coherence Effects",
  journal = "Physical Review B",
  volume = 47,
  pages = "3832--3841"
}
@ARTICLE{303,
  author = "Morris P. Kesler and Christoph Harder",
  year = 1991,
  title = "Spontaneous Emission and Gain in GaAlAs Quantum Well Lasers",
  journal = "Journal of Quantum Electronics",
  volume = 27,
  pages = "1812--1816"
}
@ARTICLE{304,
  author = "Stefan Jorda",
  year = 1994,
  title = "Theory of Rabi Splitting in Cavity-Embedded Quantum Wells",
  journal = "Physical Review B",
  volume = 50,
  pages = "18690--18693"
}
@ARTICLE{305,
  author = "J. Dalibard and J. Dupont-Roc and C. Cohen-Tannoudji",
  year = 1982,
  title = "Vacuum Fluctuations and Radiation Reaction: Identification of
          Their Respective Contributions",
  journal = "Journal de Physique",
  volume = 43,
  pages = "1617--1638"
}
@ARTICLE{306,
  author = "R.R. Puri",
  year = 1985,
  title = "Spontaneous Emission: Vacuum Fluctuations or Radiation Reaction?",
  journal = "Journal of the Optical Society of America B",
  volume = 2,
  pages = "447--450"
}
@ARTICLE{307,
  author = "S.T. Ho and S.L. McCall and R.E. Slusher",
  year = 1993,
  title = "Spontaneous Emission from Excitons in Thin Dielectric Layers",
  journal = "Optics Letters",
  volume = 18,
  pages = "909--911"
}
@ARTICLE{308,
  author = "J.J. Hopfield",
  year = 1958,
  title = "Theory of the Contribution of Excitons to the Complex Dielectric
          Constant of Crystals",
  journal = "Physical Review",
  volume = 112,
  pages = "1555--1567"
}
@ARTICLE{309,
  author = "Eli Yablonovitch",
  year = 1987,
  title = "Inhibited Spontaneous Emission in Solid-State Physics and
          Electronics",
  journal = "Physical Review Letters",
  volume = 58,
  pages = "2059--2062"
}
@ARTICLE{310,
  author = "L.L. Chang and L. Esaki and R. Tsu",
  year = 1974,
  title = "Resonant Tunneling in Semiconductor Double Barriers",
  journal = "Applied Physics Letters",
  volume = 24,
  pages = "593--595"
}
@ARTICLE{311,
  author = "L. Esaki and L.L. Chang",
  year = 1974,
  title = "New Transport Phenomenon in a Semiconductor ``Superlattice''",
  journal = "Physical Review Letters",
  volume = 33,
  pages = "495--498"
}
@ARTICLE{312,
  author = "E. Yablononvitch and T.J. Gmitter and R. Bhat",
  year = 1988,
  title = "Inhibited and Enhanced Spontaneous Emission from Optically Thin
          AlGaAs/GaAs Double Heterostructures",
  journal = "Physical Review Letters",
  volume = 61,
  pages = "2546--2549"
}
@ARTICLE{313,
  author = "P. Goy and J.M. Raimond and M. Gross and S. Haroche",
  year = 1983,
  title = "Observation of Cavity-Enhanced Single-Atom Spontaneous Emission",
  journal = "Physical Review Letters",
  volume = 50,
  pages = "1903--1906"
}
@ARTICLE{314,
  author = "F. De Martini and G. Innocenti and G.R. Jacobovitz and P. Mataloni",
  year = 1987,
  title = "Anomalous Spontaneous Emission Time in a Microscopic Optical
          Cavity",
  journal = "Physical Review Letters",
  volume = 59,
  pages = "2955--2958"
}
@ARTICLE{315,
  author = "E.M. Purcell",
  year = 1946,
  title = "Spontaneous Emission Probabilities at Radio Frequencies",
  journal = "Physical Review",
  volume = 69,
  pages = 681,
  note = "Certainly there must be MORE to this than the little blurb
         presented in this journal. Someday I must find the original paper in
         its entirety by EMP."
}
@ARTICLE{316,
  author = "Yoshihisa Yamamoto and Richart E. Slusher",
  month = "jun",
  year = 1993,
  title = "Optical Processes in Microcavities",
  journal = "Physics Today",
  pages = "66--73"
}
@ARTICLE{317,
  author = "Piotr Garbaczewski and Robert Olkiewicz",
  year = 1995,
  title = "Why Quantum Dynamics can be Formulated as a Markov Process",
  journal = "Physical Review A",
  volume = 51,
  pages = "3445--3453"
}
@ARTICLE{318,
  author = "N. Do\u{s}li\'{c} and S. Danko Bosanac",
  year = 1995,
  title = "Harmonic Oscillator with the Radiation Reaction Interaction",
  journal = "Physical Review A",
  volume = 51,
  pages = "3485--3494"
}
@ARTICLE{319,
  author = "M. Hawton and T. Melde",
  year = 1995,
  title = "Photon Number Density Operator $i\,\hat{\vec E}\cdot\hat{\vec A}$",
  journal = "Physical Review A",
  volume = 51,
  pages = "4186--4190"
}
@ARTICLE{320,
  author = "J. Janszky and P. Domokos and S. Szab{\'o} and P. Adam",
  year = 1995,
  title = "Quantum-State Engineering via Discrete Coherent-State
          Superpositions",
  journal = "Physical Review A",
  volume = 51,
  pages = "4191--4193"
}
@ARTICLE{321,
  author = "Bernard Yurke and David Stoler",
  year = 1995,
  title = "Bell's-Inequality Experiment Employing Four Harmonic Oscillators",
  journal = "Physical Review A",
  volume = 51,
  pages = "3437--3444"
}
@ARTICLE{322,
  author = "Thomas F. Jordan",
  year = 1993,
  title = "Disappearance and Reappearance of Macroscopic Quantum
          Interference",
  journal = "Physical Review A",
  volume = 48,
  pages = "2449--2450"
}
@ARTICLE{323,
  author = "L. Davidovich and A. Maali and M. Brune and J.M. Raimond and S.
           Haroche",
  year = 1993,
  title = "Quantum Switches and Nonlocal Microwave Fields",
  journal = "Physical Review Letters",
  volume = 71,
  pages = "2360--2363"
}
@INCOLLECTION{324,
  author = "A. Vidiella Barranco and V. Bu{\u z}ek and P.L. Knight and W.K. Lai",
  editor = "P. Tombesi",
  year = 1991,
  title = "Quantum Superpositions: Squeezing and Dissipations",
  booktitle = "Quantum Measurements in Optics",
  publisher = "Plenum"
}
@ARTICLE{325,
  author = "V. Bu{\u z}ek and A. Vidiella Barranco and P.L. Knight",
  editor = "P. Tombesi",
  year = 1992,
  title = "Superpositions of Coherent States: Squeezing and Dissipation",
  booktitle = "Quantum Measurements in Optics",
  journal = "Physical Review A",
  volume = 45,
  pages = "6570--6585",
  publisher = "Plenum"
}
@ARTICLE{326,
  author = "K.E. Cahill and R.J. Glauber",
  year = 1969,
  title = "Ordered Expansions in Boson Amplitude Operators",
  journal = "Physical Review",
  volume = 177,
  pages = "1857--1881"
}
@ARTICLE{327,
  author = "K.E. Cahill and R.J. Glauber",
  year = 1969,
  title = "Density Operators and Quasiprobability Distributions",
  journal = "Physical Review",
  volume = 177,
  pages = "1882--1903"
}
@ARTICLE{328,
  author = "E.T. Jaynes and F.W. Cummings",
  month = "January",
  year = 1963,
  title = "Comparison of Quantum and Semiclassical Radiation Theories with
          Application to the Beam Maser",
  journal = "Proceedings of the IEEE",
  pages = "89--109",
  note = "This is THE original reference for the model being used in my
         research."
}
@ARTICLE{329,
  author = "E. Schr{\"o}dinger",
  year = 1935,
  title = "Discussion of Probability Relations Between Separated Systems",
  journal = "Proceedings of the Cambridge Philosophical Society",
  volume = 31,
  pages = "555--563"
}
@ARTICLE{330,
  author = "E. Schr{\"o}dinger",
  year = 1936,
  title = "Probability Relations Between Separated Systems",
  journal = "Proceedings of the Cambridge Philosophical Society",
  volume = 32,
  pages = "446--452"
}
@ARTICLE{331,
  author = "A. Einstein and B. Podolsky and N. Rosen",
  year = 1935,
  title = "Can Quantum-Mechanical Description of Physical Reality be
          Considered Complete",
  journal = "Physical Review",
  volume = 47,
  pages = "777--780"
}
@ARTICLE{332,
  author = "A. Mufti and H.A. Schmitt and A.B. Balantekin and M. Sargent III",
  year = 1993,
  title = "Analytical Solution to the Master Equation for a Quantized Cavity
          Mode",
  journal = "Journal of the Optical Society of America B",
  volume = 10,
  pages = "2100-2106"
}
@ARTICLE{333,
  author = "Claude Cohen-Tannoudji and Bruno Zambon and Ennio Arimondo",
  year = 1993,
  title = "Quantum-Jump Approach to Dissipative Processes: Application to
          Amplification Without Inversion",
  journal = "Journal of the Optical Society of America B",
  volume = 10,
  pages = "2107--2120"
}
@ARTICLE{334,
  author = "Simon J.D. Phoenix",
  year = 1990,
  title = "Wave-Packet Evolution in the Damped Oscillator",
  journal = "Physical Review A",
  volume = 41,
  pages = "5132--5138"
}
@ARTICLE{335,
  author = "Lior Goldenberg and Lev Vaidman",
  year = 1995,
  title = "Quantum Cryptography Based on Orthogonal States",
  journal = "Physical Review Letters",
  volume = 75,
  pages = "1239--1243"
}
@ARTICLE{336,
  author = "William R. Greenberg and Abraham Klein",
  year = 1995,
  title = "Invariant Tori and Heisenberg Matrix Mechanics: A New Window on
          the Quantum-Classical Correspondence",
  journal = "Physical Review Letters",
  volume = 75,
  pages = "1244--1247"
}
@ARTICLE{337,
  author = "Michael W. Noel and C.R. Stroud, Jr.",
  year = 1995,
  title = "Young's Double-Slit Interferometry within an Atom",
  journal = "Physical Review Letters",
  volume = 75,
  pages = "1252--1255"
}
@ARTICLE{338,
  author = "H.J. Carmichael",
  year = 1994,
  title = "Decoherence: Is Dissipation All It Takes?",
  journal = "Quantum Optics VI",
  volume = 77,
  pages = "219--223"
}
@BOOK{339,
  author = "H.J. Carmichael and P. Kochan and L. Tian",
  year = 1994,
  title = "Coherent States and Open Systems: A Comment on the Stern-Gerlach
          Experiment and Schr{\"o}dinger's Cat",
  pages = "75--91",
  publisher = "World Scientific Publishing Company"
}
@UNPUBLISHED{340,
  author = "H.J. Carmichael",
  year = 1995,
  title = "Stochastic {S}chr{\"o}dinger Equations: What They Mean and What They
          Can Do",
  note = "Apparently, this is a copy of a presentation HC gave at the 1995
         Rochester conference."
}
@ARTICLE{341,
  author = "J. Steinbach and B.M. Garraway and P.L. Knight",
  year = 1995,
  title = "High-order Unraveling of Master Equations for Dissipative
          Evolution",
  journal = "Physical Review A",
  volume = 51
}
@ARTICLE{342,
  author = "B.M. Garraway and P.L. Knight and J. Steinbach",
  year = 1995,
  title = "Dissipation of Quantum Superpositions",
  journal = "Applied Physics B",
  volume = 60,
  pages = "S64--S68"
}
@ARTICLE{343,
  author = "H.J. Carmichael and L. Tian and W. Ren",
  year = 1994,
  title = "Nonperturbative Atom-Photon Interactions in an Optical Cavity",
  journal = "Advances in Atomic, Molecular and Optical Physics, Supplement 2",
  pages = "381--423"
}
@ARTICLE{344,
  author = "P. Alsing and H.J. Carmichael",
  year = 1991,
  title = "Spontaneous Dressed-State Polarization of a Coupled Atom and
          Cavity Mode",
  journal = "Quantum Optics",
  volume = 3,
  pages = "13--32"
}
@Unpublished{345,
  author = 	 "Andrey B. Klimov and Sergey M. Chumakov",
  title = 	 "SEMICLASSICAL QUANTIZATION OF THE EVOLUTION OPERATOR
		  FOR A CLASS OF OPTICAL MODELS",
  note = 	 "Paper obtained from JGB."
}

@ARTICLE{346,
  author = "J.E. Sipe",
  year = 1995,
  title = "Photon Wave Functions",
  journal = "Physical Review A",
  volume = 52,
  pages = "1875--1883"
}
@ARTICLE{347,
  author = "A.S Zibrov and M.D. Lukin and D.E. Nikonov and L. Hollberg and
           M.O. Scully and V.L. Velichansky and H.G. Robinson",
  year = 1995,
  title = "Experimental Demonstration of Laser Oscillation without Population
          Inversion via Quantum Interference in Rb",
  journal = "Physical Review Letters",
  volume = 75,
  pages = "1499--1502"
}
@ARTICLE{348,
  author = "L. Mandel",
  year = 1976,
  title = "Stimulated Emission and Photon Correlations",
  journal = "Physical Review A",
  volume = 14,
  pages = "2351--2354"
}
@ARTICLE{349,
  author = "Phillip L. Gould and George A. Ruff and David E. Pritchard",
  year = 1986,
  title = "Diffraction of Atoms by Light: The Near-Resonant Kapitza-Dirac
          Effect",
  journal = "Physical Review Letters",
  volume = 56,
  pages = "827--830"
}
@ARTICLE{350,
  author = "Peter J. Martin and Phillip L. Gould and Bruce G. Oldaker and
           Andrew H. Miklich and David E. Pritchard",
  year = 1987,
  title = "Diffraction of Atoms Moving Through a Standing Light Wave",
  journal = "Physical Review A",
  volume = 36,
  pages = "2495--2498"
}
@ARTICLE{351,
  author = "M. Freyberger and A.M. Herkommer",
  year = 1994,
  title = "Probing a Quantum State via Atomic Deflection",
  journal = "Physical Review Letters",
  volume = 72,
  pages = "1952--1955"
}
@ARTICLE{352,
  author = "M.J. Holland and D.F. Walls and P. Zoller",
  year = 1991,
  title = "Quantum Nondemolition Measurements of Photon Number by Atomic-Beam
          Deflection",
  journal = "Physical Review Letters",
  volume = 67,
  pages = "1716--1719"
}
@ARTICLE{353,
  author = "B. Baseia and Reeta Vyas and C{\'e}lia M.A. Dantas and V.S.
           Bagnato",
  year = 1994,
  title = "Scattering of Atoms by Light: Probing a Quantum State and the
          Variance of the Phase Operator",
  journal = "Physics Letters A",
  volume = 194,
  pages = "153--158"
}
@ARTICLE{354,
  author = "Philip E. Moskowitz and Phillip L. Gould and David E. Pritchard",
  year = 1985,
  title = "Deflection of Atoms by Standing-Wave Radiation",
  journal = "Journal of the Optical Society of America B",
  volume = 2,
  pages = "1784--1789"
}
@ARTICLE{355,
  author = "David E. Pritchard and Phillip L. Gould",
  year = 1985,
  title = "Experimental Possibilities for Observation of Unidirectional
          Momentum Transfer to Atoms from Standing-Wave Light",
  journal = "Journal of the Optical Society of America B",
  volume = 2,
  pages = "1799--1804"
}
@ARTICLE{356,
  author = "Martin Wilkens and Pierre Meystre",
  year = 1991,
  title = "Nonlinear Atomic Homodyne Detection: A Technique to Detect
          Macroscopic Superpositions in a Micromaser",
  journal = "Physical Review A",
  volume = 43,
  pages = "3832--3835"
}
@ARTICLE{357,
  author = "S.M. Dutra and P.L. Knight and H. Moya-Cessa",
  year = 1993,
  title = "Discriminating Field Mixtures from Macroscopic Superpositions",
  journal = "Physical Review A",
  volume = 48,
  pages = "3168--3173"
}
@ARTICLE{358,
  author = "Bruce G. Oldaker and Peter J. Martin and Phillip L. Gould and Min
           Xiao and David E. Pritchard",
  year = 1990,
  title = "Experimental Study of Sub-Poissonian Statistics in the Transfer of
          Momentum from Light to Atoms",
  journal = "Physical Review Letters",
  volume = 65,
  pages = "1555--1558"
}
@ARTICLE{359,
  author = "Jean-Marc L{\'e}vy-Leblond",
  year = 1976,
  title = "Who is Afraid of Nonhermitian Operators? A Quantum Description of
          Angle and Phase",
  journal = "Annals of Physics",
  volume = 101,
  pages = "319--341"
}
@ARTICLE{360,
  author = "P. Meystre and E. Schumacher and S. Stenholm",
  year = 1989,
  title = "Atomic Beam Deflection in a Quantum Field",
  journal = "Optics Communications",
  volume = 73,
  pages = "443--447"
}
@ARTICLE{361,
  author = "Victor I. Balykin and Vladilen S. Letokhov",
  month = "apr",
  year = 1989,
  title = "Laser Optics of Neutral Atomic Beams",
  journal = "Physics Today",
  pages = "23--28"
}
@ARTICLE{362,
  author = "B. Baseia and G.C. Marques and V.S. Bagnato",
  year = 1995,
  title = "Probing a Quantum State via Electronic Deflection",
  journal = "Physics Letters A",
  volume = 200,
  pages = "7--10"
}
@ARTICLE{363,
  author = "R.J. Cook",
  year = 1979,
  title = "Atomic Motion in Resonant Radiation: An Application of Ehrenfest's
          Theorem",
  journal = "Physical Review A",
  volume = 20,
  pages = "224--228"
}		  		  
@Article{364,
  author = 	 "V.M. Akulin and Fam Le Kien, and W.P. Schleich",
  title = 	 "Deflection of atoms by a quantum field",
  journal =	 "Physical Review A",
  year =	 1991,
  volume =	 44,
  pages =	 "R1462--R1465"
}
@Article{365,
  author = 	 "David M. Giltner and Roger W. McGowan and Siu Au Lee",
  title = 	 "Theoretical and experimental study of {B}ragg
		  scattering of atoms from a standing light wave",
  journal =	 "Physical Review A",
  year =	 1995,
  volume =	 52,
  pages =	 "3966--3972"
}
@Article{366,
  author = 	 "J. Dalibard and C. Cohen-Tannoudji",
  title = 	 "Dressed-atom approach to atomic motion in laser
		  light: the dipole force revisited",
  journal =	 "Journal of the Optical Society of America B",
  year =	 1985,
  volume =	 2,
  number =	 11,
  pages =	 "1707--1720",
  month =	 nov
}

@Article{367,
  author = 	 "P.A. Ruprecht and M.J. Holland and K. Burnett",
  title = 	 "Dynamical effects in atom optics",
  journal =	 "Physical Review A",
  year =	 1994,
  volume =	 49,
  number =	 6,
  pages =	 "4726--4732",
  month =	 jun
}

@Article{368,
  author = 	 "A.M. Herkommer and V.M. Akulin and W.P. Schleich",
  title = 	 "Quantum Demolition Measurement of Photon Statistics
		  by Atomic Beam Deflection",
  journal =	 "Physical Review Letters",
  year =	 1992,
  volume =	 69,
  number =	 23,
  pages =	 "3298--3301",
  month =	 dec
}

@Article{369,
  author = 	 "Richard J. Cook",
  title = 	 "Theory of resonance-radiation pressure",
  journal =	 "Physical Review A",
  year =	 1980,
  volume =	 22,
  number =	 3,
  pages =	 "1078--1098",
  month =	 sep
}

@Article{370,
  author = 	 "N.A. Kurnit and I.D. Abella and S.R. Hartmann",
  title = 	 "OBSERVATION OF A PHOTON ECHO",
  journal =	 "Physical Review Letters",
  year =	 1964,
  volume =	 13,
  number =	 19,
  pages =	 "567--568",
  month =	 nov
}

@Article{371,
  author = 	 "I.D. Abella and N.A. Kurnit and S.R. Hartmann",
  title = 	 "Photon Echoes",
  journal =	 "Physical Review",
  year =	 1966,
  volume =	 141,
  number =	 1,
  pages =	 "391--406",
  month =	 jan
}

@Article{372,
  author = 	 "David Park",
  title = 	 "The Classical Theory of Pressure Broadening",
  journal =	 "American Journal of Physics",
  year =	 1971,
  volume =	 39,
  pages =	 "682--683",
  month =	 jun
}

@Article{373,
  author = 	 "Surendra Singh",
  title = 	 "Field statistics in some generalized
		  {J}aynes-{C}ummings models",
  journal =	 "Physical Review A",
  year =	 1982,
  volume =	 25,
  number =	 6,
  pages =	 "3206--3216",
  month =	 jun
}

@Article{374,
  author = 	 "Irina E. Lyublinskaya and Reeta Vyas",
  title = 	 "Single-atom fluorescence with nonclassical light",
  journal =	 "Physical Review A",
  year =	 1993,
  volume =	 48,
  number =	 5,
  pages =	 "3966--3979",
  month =	 nov
}

@Article{375,
  author = 	 "T.B. Pittman and Y.H. Shih and D.V. Strekalov and
		  A.V. Sergienko",
  title = 	 "Optical imaging by means of two-photon quantum entanglement",
  journal =	 "Physical Review A",
  year =	 1995,
  volume =	 52,
  number =	 5,
  pages =	 "R3429--R3432",
  month =	 nov
}

@Article{376,
  author = 	 "Hans Gregory Schantz",
  title = 	 "The flow of electromagnetic energy in the decay of
		  an electric dipole",
  journal =	 "American Journal of Physics",
  year =	 1995,
  volume =	 63,
  number =	 6,
  pages =	 "513--519",
  month =	 jun
}

@Article{377,
  author = 	 "Dennis G. Hall",
  title = 	 "A few remarks on the matching conditions at
		  interfaces in electromagnetic theory",
  journal =	 "American Journal of Physics",
  year =	 1995,
  volume =	 63,
  number =	 6,
  pages =	 "508--512",
  month =	 jun
}
		  
@Article{378,
  author = 	 "S.M. Chumakov and A.B. Klimov and J.J. Sanchez-Mondragon",
  title = 	 "General properties of quantum optical systems in a
		  strong-field limit",
  journal =	 "Physical Review A",
  year =	 1994,
  volume =	 49,
  number =	 6,
  pages =	 "4972--4978",
  month =	 jun
}

@Unpublished{379,
  author = 	 "Andrey B. Klimov and Sergey M. Chumakov",
  title = 	 "SEMICLASSICAL QUANTIZATION OF THE EVOLUTION OPERATOR
		  FOR A CLASS OF OPTICAL MODELS",
  note = 	 "Obtained from JGB.  Check for actual publication."
}

@Article{380,
  author = 	 "S. Schaufler and M. Freyberger and W.P. Schliech",
  title = 	 "The birth of a phase-cat",
  journal =	 "Journal of Modern Optics",
  year =	 1994,
  volume =	 41,
  number =	 9,
  pages =	 "1765--1779"
}

@Article{381,
  author = 	 "S.M. Moore",
  title = 	 "Amplitude and Phase Fluctuations in a Noisy Cavity",
  journal =	 "Lettere Al Nuovo Cimento",
  year =	 1984,
  volume =	 40,
  number =	 11,
  pages =	 "348--352"
}

@Article{382,
  author = 	 "John Vaccaro",
  title = 	 "Number-phase {W}igner function on {F}ock space",
  journal =	 "Physical Review A",
  year =	 1995,
  volume =	 52,
  number =	 5,
  pages =	 "3474--3488",
  month =	 nov
}

@Article{383,
  author = 	 "P.J. Bardroff and E. Mayr and W.P. Schleich",
  title = 	 "Quantum state endoscopy: Measurement of the quantum
		  state in a cavity",
  journal =	 "Physical Review A",
  year =	 1995,
  volume =	 51,
  number =	 6,
  pages =	 "4963--4966",
  month =	 jun
}

@Article{384,
  author = 	 "R{\"u}diger Schack and Arvid Breitenbach and Axel Schenzle",
  title = 	 "Quantum-nondemolition measurement of small photon
		  numbers and the preparation of number states",
  journal =	 "Physical Review A",
  year =	 1992,
  volume =	 45,
  number =	 5,
  pages =	 "3260--3267",
  month =	 mar
}

@Article{385,
  author = 	 "Klaus M. Gheri and Philippe Grangier and
		  Jean-Phillipe Poizat and Daniel F. Walls",
  title = 	 "Quantum-nondemolition measurements using ghost transitions",
  journal =	 "Physical Review A",
  year =	 1992,
  volume =	 46,
  number =	 7,
  pages =	 "4276--4285",
  month =	 oct
}

@Article{386,
  author = 	 "T.C. Burt and J. Gea-Banacloche",
  title = 	 "Analytic quantum-trajectory results for a
		  fluorescent atom in a lossless cavity",
  journal =	 "Quantum and Semiclassical Optics",
  year =	 1996,
  volume =	 8,
  pages =	 "105--119"
}

@Article{387,
  author = 	 "Martin Ligare and Stephen Becker",
  title = 	 "Simple soluble models of quantum damping applied to
		  cavity quantum electrodynamics",
  journal =	 "American Journal of Physics",
  year =	 1995,
  volume =	 63,
  number =	 9,
  pages =	 "788--796",
  month =	 sep
}

@Article{389,
  author = 	 "Richard J. Hughes and D.M. Alde and P. Dyer and
		  G.G. Luther and G.L. Morgan and M. Schauer",
  title = 	 "Quantum Cryptography",
  journal =	 "Contemporary Physics",
  year =	 1995,
  volume =	 36,
  number =	 3,
  pages =	 "149--163"
}

		  

@Article{390,
  author = 	 "Isaac L. Chuang and Yoshihisa Yamamoto",
  title = 	 "Simple quantum computer",
  journal =	 "Physical Review A",
  year =	 1995,
  volume =	 52,
  number =	 5,
  pages =	 "3489--3496",
  month =	 "November"
}


@Article{391,
  author = 	 "T. Pellizzari and S.A. Gardiner and
		  J.I. Cirac and P. Zoller",
  title = 	 "Decoherence, Continuous Observation, and
		  Quantum Computing: A Cavity {QED} Model",
  journal =	 "Physical Review Letters",
  year =	 1995,
  volume =	 75,
  number =	 21,
  pages =	 "3788--3791",
  month =	 "November"
}

@Article{392,
  author = 	 "A.M. Steinberg and P.G. Kwiat and R.Y. Chiao",
  title = 	 "Measurement of the Single-Photon Tunneling Time",
  journal =	 "Physical Review Letters",
  year =	 1993,
  volume =	 71,
  number =	 5,
  pages =	 "708--711"
}

@Article{393,
  author = 	 "M.S. Kim and L. Allen and R. Louden",
  title = 	 "Quantum theory of radiation pressure on a dielectric
		  slab",
  journal =	 "Physical Review A",
  year =	 1994,
  volume =	 50,
  number =	 5,
  pages =	 "3614--3627",
  month =	 nov
}

@Article{394,
  author = 	 "Demosthenes Dialetis",
  title = 	 "Propagation of Electromagnetic Radiation through a
		  Resonant Medium",
  journal =	 "Physical Review A",
  year =	 1970,
  volume =	 2,
  number =	 3,
  pages =	 "1065--1075",
  month =	 sep
}

@Article{395,
  author = 	 "C.H. Skinner and P.D. Kleiber",
  title = 	 "Observation of anomalous conical emission from
		  laser-excited barium vapor",
  journal =	 "Physical Review A",
  year =	 1980,
  volume =	 21,
  number =	 1,
  pages =	 "151--157",
  month =	 jan
}

@Article{396,
  author = 	 "F.T. Arecchi and V. Degiorgio and C.G. Someda",
  title = 	 "SELF-CONSISTENT LIGHT PROPAGATION IN A RESONANT MEDIUM",
  journal =	 "Physics Letters",
  year =	 1968,
  volume =	 "27A",
  number =	 9,
  pages =	 "588--589",
  month =	 sep
}

@Article{397,
  author = 	 "Joseph H. Eberly",
  title = 	 "OPTICAL PULSE AND PULSE-TRAIN PROPAGATION IN A
		  RESONANT MEDIUM",
  journal =	 "Physical Review Letters",
  year =	 1969,
  volume =	 22,
  number =	 15,
  pages =	 "760--762",
  month =	 apr
}

@Article{398,
  author = 	 "M.D. Crisp",
  title = 	 "DISTORTIONLESS PROPAGATION OF LIGHT THROUGH AN
		  OPTICAL MEDIUM",
  journal =	 "Physical Review Letters",
  year =	 1969,
  volume =	 22,
  number =	 16,
  pages =	 "820--823",
  month =	 apr
}

@Article{399,
  author = 	 "Ljubomir Matulic and Joseph H. Eberly",
  title = 	 "Analytic Study of Pulse Chirping in Self-Induced
		  Transparency ",
  journal =	 "Physical Review A",
  year =	 1972,
  volume =	 6,
  number =	 2,
  pages =	 "822--836",
  month =	 aug
}

@Article{400,
  author = 	 "Z.Y. Ou",
  title = 	 "Complementarity and Fundamental Limit in Precision
		  Phase Measurement",
  journal =	 "Physical Review Letters",
  year =	 1996,
  volume =	 77,
  number =	 12,
  pages =	 "2352--2355",
  month =	 sep
}

@Article{401,
  author = 	 "No{\"e}l M. Nachtigal and Satish C. Reddy and Lloyd
		  N. Trefethen",
  title = 	 "HOW FAST ARE NONSYMMETRIC MATRIX ITERATIONS?",
  journal =	 "SIAM Journal of Matrix Analysis Applications",
  year =	 1992,
  volume =	 13,
  number =	 3,
  pages =	 "778--795",
  month =	 jul
}

@Article{402,
  author = 	 "A.S. Parkins and P. Marte and P. Zoller and H.J. Kimble",
  title = 	 "Synthesis of Arbitrary Quantum States via Adiabatic
		  Transfer of {Z}eeman Coherence",
  journal =	 "Physical Review Letters",
  year =	 1993,
  volume =	 71,
  number =	 19,
  pages =	 "3095--3098",
  month =	 nov
}

@Article{403,
  author = 	 "Robert Weinstock",
  title = 	 "Inverse-square orbits: Three little-known solutions
		  and a novel integration technique",
  journal =	 "American Journal of Physics",
  year =	 1992,
  volume =	 60,
  number =	 7,
  pages =	 "615--619",
  month =	 jul
}

@Article{404,
  author = 	 "Jan Vrbik",
  title = 	 "Chain sliding off a table",
  journal =	 "American Journal of Physics",
  year =	 1993,
  volume =	 61,
  number =	 3,
  pages =	 "258--261",
  month =	 mar
}

@Article{405,
  author = 	 "Paul Kwiat and Harald Weinfurter and Anton Zeilinger",
  title = 	 "Quantum Seeing in the Dark",
  journal =	 "Scientific American",
  year =	 1996,
  pages =	 "72--78",
  month =	 nov
}

@Article{406,
  author = 	 "Arthur C. Damask",
  title = 	 "Forensic physics of vehicle accidents",
  journal =	 "Physics Today",
  year =	 1987,
  pages =	 "36--44",
  month =	 mar
}

@Article{407,
  author = 	 "Richard J. Cohen",
  title = 	 "The tippe top revisited",
  journal =	 "American Journal of Physics",
  year =	 1977,
  volume =	 45,
  number =	 1,
  pages =	 "12--17",
  month =	 jan
}

@Article{408,
  author = 	 "H.M. Schwartz",
  title = 	 "{E}instein's first paper on relativity",
  journal =	 "American Journal of Physics",
  year =	 1977,
  volume =	 45,
  number =	 1,
  pages =	 "18--25",
  month =	 jan
}

@Article{409,
  author = 	 "W. Rindler",
  title = 	 "Length Contraction Paradox",
  note =	 "Find more complete ref"
}

@Article{410,
  author = 	 "Jeffrey J. Prentis",
  title = 	 "Equation poems",
  journal =	 "American Journal of Physics",
  year =	 1996,
  volume =	 64,
  number =	 5,
  pages =	 "532--538",
  month =	 may
}

@Article{411,
  author = 	 "Lawrence Ruby",
  title = 	 "Applications of the {M}athieu equation",
  journal =	 "American Journal of Physics",
  year =	 1996,
  volume =	 64,
  number =	 1,
  pages =	 "39--44",
  month =	 jan
}

@Article{412,
  author = 	 "Mark A. Newbold and Gregory J. Salamo",
  title = 	 "Effects of Relaxation on Coherent
		  Continuous-Pulse-Train Propagation",
  journal =	 "Physical Review Letters",
  year =	 1979,
  volume =	 42,
  number =	 14,
  pages =	 "887--890",
  month =	 apr
}

@Article{413,
  author = 	 "D.F. Walls",
  title = 	 "A simple field theoretic description of photon interference",
  journal =	 "American Journal of Physics",
  year =	 1977,
  volume =	 45,
  number =	 10,
  pages =	 "952--956",
  month =	 oct
}

@Article{414,
  author = 	 "Gerald T. Moore",
  title = 	 "Dynamical Rotations of Spinors and Other Quantum Systems",
  journal =	 "American Journal of Physics",
  year =	 1970,
  volume =	 38,
  number =	 10,
  pages =	 "1177--1180",
  month =	 oct
}

@Article{415,
  author = 	 "B.-G. Englert and H. Walther and M.O. Scully",
  title = 	 "Quantum Optical {R}amsey Fringes and Complementarity",
  journal =	 applphysb,
  year =	 1992,
  volume =	 "B54",
  pages =	 "366--368"
}

@Article{416,
  author = 	 "R.G. Beil",
  title = 	 "The Extended Classical Charged Particle",
  journal =	 "Foundations of Physics",
  year =	 1989,
  volume =	 19,
  number =	 3,
  pages =	 "319--338",
  month =	 mar
}

@Article{417,
  author = 	 "R.G. Beil",
  title = 	 "The Extended Classical Charged Particle. {II}",
  journal =	 "Foundations of Physics",
  year =	 1993,
  volume =	 23,
  number =	 12,
  pages =	 "1587--1600",
  month =	 dec
}

@Article{418,
  author = 	 "R.G. Beil",
  title = 	 "{F}insler and {K}aluza-{K}lein Gauge Theories",
  journal =	 "International Journal of Theoretical Physics",
  year =	 1993,
  volume =	 32,
  number =	 6,
  pages =	 "1021--1031",
  month =	 jun
}

@Article{419,
  author = 	 "R.G. Beil",
  title = 	 "A CLASSICAL PHOTON MODEL",
  note =	 "Find more complete ref"
}

@Article{420,
  author = 	 "R.G. Beil",
  title = 	 "{P}oincar\'{e} Transport of Frames",
  journal =	 "Foundations of Physics",
  year =	 1995,
  volume =	 25,
  number =	 11,
  pages =	 "1577--1596",
  month =	 nov
}

@Article{421,
  author = 	 "Fan Hongyi and Chen Bozhan",
  title = 	 "Solving some two-body dynamical problems in $\langle
		  \zeta |$-$\langle \eta$ representation",
  journal =	 "Physical Review A",
  year =	 1996,
  volume =	 53,
  number =	 5,
  pages =	 "2948--2952",
  month =	 may
}

@Article{422,
  author = 	 "Hongyi Fan and Min Xiao",
  title = 	 "{F}ock representation for two-mode quantum phase
		  operators' eigenstates",
  journal =	 "Quantum and Semiclassical Optics",
  year =	 1996,
  volume =	 8,
  pages =	 "393--397"
}

@Unpublished{423,
  author = 	 "Hongyi Fan and Min Xiao",
  title = 	 "Construction of optical networks by virtue of the
		  {IWOP} technique",
  note = 	 "Personal copy of a paper that should be published by
		  now"
}

@Article{424,
  author = 	 "Stephen B. Haley",
  title = 	 "An underrated entanglement: Riccati and
		  Schr{\"o}dinger equations",
  journal =	 "American Journal of Physics",
  year =	 1997,
  volume =	 65,
  number =	 3,
  pages =	 "237--243",
  month =	 mar
}

@Article{425,
  author = 	 "Changxin Wang and Reeta Vyas",
  title = 	 "{F}okker-{P}lanck equation in the good-cavity limit
		  and single-atom optical bistability",
  journal =	 "Physical Review A",
  year =	 1996,
  volume =	 54,
  number =	 5,
  pages =	 "4453--4460",
  month =	 nov
}

@Article{426,
  author = 	 "Changxin Wang and Reeta Vyas",
  title = 	 "Cavity-modified {M}axwell-{B}loch equations for the
		  vacuum {R}abi splitting",
  journal =	 "Physical Review A",
  year =	 1997,
  volume =	 55,
  number =	 1,
  pages =	 "823--826",
  month =	 jan
}

@Article{427,
  author = 	 "V. Vedral and M.B. Plenio and M.A. Rippin and P.L. Knight",
  title = 	 "Quantifying Entanglement",
  journal =	 "Physical Review Letters",
  year =	 1997,
  volume =	 78,
  number =	 12,
  pages =	 "2275--2279",
  month =	 mar
}

@Article{428,
  author = 	 "John J. Slosser and Pierre Meystre",
  title = 	 "Resource Letter: {CQO}-1: Coherence in Quantum Optics",
  journal =	 "American Journal of Physics",
  year =	 1997,
  volume =	 65,
  number =	 4,
  pages =	 "275--286",
  month =	 apr
}

@Unpublished{429,
  author = 	 "H. Mabuchi and Q.A. Turchette and M.S. Chapman and
		  H.J. Kimble",
  title = 	 "Real-time detection of individual atoms falling
		  through a high-finesse optical cavity",
  note = 	 "Submitted to Optics Letters"
}

@Article{430,
  author = 	 "Y.T. Chough and H.J. Carmichael",
  title = 	 "Nonlinear oscillator behavior in the
		  {J}aynes-{C}ummings model",
  journal =	 "Physical Review A",
  year =	 1996,
  volume =	 54,
  number =	 2,
  pages =	 "1709--1714",
  month =	 aug
}

@Article{431,
  author = 	 "A.J. van Wonderen",
  title = 	 "Exact solution of the Jaynes-Cummings
		  model with cavity damping",
  journal =	 "Physical Review A",
  year =	 1997,
  volume =	 56,
  number =	 4,	  
  pages =	 "3116--3128",
  month =        oct		  
}

@Article{432,
  author = 	 "P.M. Visser and G. Nienhuis",
  title = 	 "Solution of quantum master equations in terms of a
		  non-{H}ermitian {H}amiltonian",
  journal =	 "Physical Review A",
  year =	 1995,
  volume =	 52,
  number =	 6,
  pages =	 "4727--4736",
  month =	 dec
}

@Article{433,
  author = 	 "Julio Gea-Banacloche",
  title = 	 "Emergence of Classical Radiation Fields
		  through Decoherence in the Scully-Lamb
		  Laser Model",
  journal =	 "Foundations of Physics",
  year =	 1998,
  volume =	 28,
  number =	 4,
  pages =	 "531--548"
}

@Article{434,
  author = 	 "Simon J.D. Phoenix and P.L. Knight",
  title = 	 "Comment on ``Collapse and Revival of the State
		  Vector in the {J}aynes-{C}ummings Model: An Example
		  of State Preparation by a Quantum Apparatus",
  crossref =	 "\cite{229}",
  journal =	 "Physical Review Letters",
  year =	 1991,
  volume =	 66,
  number =	 21,
  pages =	 2833,
  month =	 may
}

@Article{435,
  author = 	 "M. Orszag and J.C. Retamal and C. Saavedra",
  title = 	 "Preparation of a pure atomic state",
  journal =	 "Physical Review A",
  year =	 1992,
  volume =	 45,
  number =	 3,
  pages =	 "2118--2120",
  month =	 feb
}

@Article{436,
  author = 	 "H. Dekker",
  title = 	 "Quantization of the linearly damped harmonic oscillator",
  journal =	 "Physical Review A",
  year =	 1977,
  volume =	 16,
  number =	 5,
  pages =	 "2126--2133",
  month =	 nov
}

@Article{437,
  author = 	 "I.R. Senitzky",
  title = 	 "Dissipation in Quantum Mechanics.  The Harmonic Oscillator",
  journal =	 "Physical Review",
  year =	 1960,
  volume =	 119,
  number =	 2,
  pages =	 "670--679",
  month =	 jul
}

@Article{438,
  author = 	 "I.R. Senitzky",
  title = 	 "Dissipation in Quantum Mechanics.  The Harmonic
		  Oscillator. {II}",
  journal =	 "Physical Review A",
  year =	 1961,
  volume =	 124,
  number =	 3,
  pages =	 "642--648",
  month =	 nov
}

@Article{439,
  author = 	 "A.N. Grigorenko",
  title = 	 "Quantum mechanics with a non-{H}ermitian {H}amiltonian",
  journal =	 "Physics Letters A",
  year =	 1993,
  volume =	 172,
  pages =	 "350--354"
}

@Article{440,
  author = 	 "John S. Eck and W.J. Thompson",
  title = 	 "Dissipative forces and quantum mechanics",
  journal =	 "American Journal of Physics",
  year =	 1977,
  volume =	 45,
  number =	 2,
  pages =	 "161--163",
  month =	 feb
}

@Unpublished{441,
  author = 	 "Artur Ekert",
  title = 	 "From quantum code-making to quantum code-breaking",
  note = 	 "Obtained somewhere on the Internet."
}

@Article{442,
  author = 	 "Stephen Howard and Sanat K. Roy",
  title = 	 "Coherent states of a harmonic oscillator",
  journal =	 "American Journal of Physics",
  year =	 1987,
  volume =	 55,
  number =	 12,
  pages =	 "1109 -- 1117",
  month =	 "December"
}

@Article{443,
  author = 	 "V. Bu{\v{z}}ek and H. Moya-Cessa and
		  P.L. Knight and S.J.D. Phoenix",
  title = 	 "Schr{\"o}dinger-cat states in the resonant
		  Jaynes-Cummings model: Collapse and
		  revival of oscillations of the
		  photon-number distribution",
  journal =	 "Physical Review A",
  year =	 1992,
  volume =	 45,
  number =	 11,
  pages =	 "8190--8203",
  month =	 "June"
}

		  
		  
@Book{444,
  author = 	 "H.J. Carmichael",
  title = 	 "An Open Systems Approach to Quantum Optics",
  publisher = 	 "Springer-Verlag",
  year = 	 1993,
  address =	 "Berlin",
  note =	 "From ULB Lectures in Nonlinear Optics,
		  Fall 1991"
}

@Article{445,
  author = 	 "D.F. Walls and G.J. Milburn",
  title = 	 "Effect of dissipation on quantum coherence",
  journal =	 "Physical Review A",
  year =	 1985,
  volume =	 31,
  number =	 4,
  pages =	 "2403--2408",
  month =	 "April"
}

@Article{446,
  author = 	 "Phillip Gould",
  title = 	 "Laser cooling of atoms to the Doppler
		  limit",
  journal =	 "American Journal of Physics",
  year =	 1997,
  volume =	 65,
  number =	 11,
  pages =	 "1120--1123",
  month =	 "November"
}

@Article{447,
  author = 	 "David J. Wineland and Wayne M. Itano",
  title = 	 "Laser cooling",
  journal =	 "Physics Today",
  year =	 1987,
  pages =	 "34--40",
  month =	 "June"
}

@Article{448,
  author = 	 "Claude N. Cohen-Tannoudji and William D. Phillips",
  title = 	 "New Mechanisms for Laser Cooling",
  journal =	 "Physics Today",
  year =	 1990,
  pages =	 "33--40",
  month =	 "October"
}

@Article{449,
  author = 	 "G. Lindblad",
  title = 	 "On the Generators of Quantum Dynamical Semigroups",
  journal =	 "Communications in Mathematical Physics",
  year =	 1976,
  volume =	 48,
  pages =	 "119--130"
}

@Article{450,
  author = 	 "M. Brune and E. Hagley and J. Dreyer and
		  X. Ma{\^i}tre and A. Maali and
		  C. Wunderlich and J.M. Raimond and S. Haroche",
  title = 	 "Observing the Progressive Decoherence of
		  the ``Meter'' in a Quantum Measurement",
  journal =	 "Physical Review A",
  year =	 1996,
  volume =	 77,
  number =	 24,
  pages =	 "4887--4890",
  month =	 "Dec"
}

@Article{451,
  author = 	 "T. von Foerster",
  title = 	 "Quantum Theory of a Damped Two-Level Atom",
  journal =	 "American Journal of Physics",
  year =	 1972,
  volume =	 40,
  pages =	 "854--862",
  month =	 "June"
}

@Article{452,
  author = 	 "B.G. Klappauf and W.H. Oskay and
		  D.A. Steck and M.G. Raizen",
  title = 	 "Observation of Noise and Dissipation
		  Effects on Dynamical Localization",
  journal =	 "Physical Review Letters",
  year =	 1998,
  volume =	 81,
  number =	 6,
  pages =	 "1203--1206",
  month =	 "August"
}

@Article{453,
  author = 	 "Richard H. Price and Ronald J. Crowley",
  title = 	 "The lightning-rod fallacy",
  journal =	 "American Journal of Physics",
  year =	 1985,
  volume =	 53,
  number =	 9,
  pages =	 "843--848",
  month =	 "September"
}

@Article{454,
  author = 	 "Johannes Denschlag and Gerhard Umshous and
		  J{\"o}rg Schmiedmayer",
  title = 	 "Probing a Singular Potential with Cold
		  Atoms: A Neutral Atom and a Charged Wire",
  journal =	 "Physical Review Letters",
  year =	 1998,
  volume =	 81,
  number =	 4,
  pages =	 "737--741",
  month =	 "July"
}

@Article{455,
  author = 	 "C.M. Savage and H.J. Carmichael",
  title = 	 "Single-Atom Optical Bistability",
  journal =	 "IEEE Journal of Quantum Electronics",
  year =	 1988,
  volume =	 24,
  number =	 8,
  pages =	 "1495--1498",
  month =	 "August"
}

@Book{456,
  title = 	 "quantum and semiclassical optics: Special
		  Issue on Stochastic Quantum Optics",
  publisher = 	 "Institute of Physics Publishing",
  year = 	 1996,
  editor =	 "Howard Carmichael",
  volume =	 8,
  month =	 "February"
}

@Book{457,
  author = 	 "William H. Press and Saul A. Teukolsky and
		  William T. Vetterling and Brian P. Flannery",
  title = 	 "Numerical Recipes in C: The Art of
		  Scientific Computing",
  publisher = 	 "Cambridge",
  year = 	 1995,
  edition =	 "Second"
}

@Article{458,
  author = 	 "J. Eiselt and H. Risken",
  title = 	 "CALCULATION OF QUASIPROBABILITIES FOR THE
		  DAMPED {J}AYNES-{C}UMMINGS MODEL",
  journal =	 "Optics Communications",
  year =	 1989,
  volume =	 72,
  number =	 6,
  pages =	 "351--355",
  month =	 "August"
}

@Article{459,
  author = 	 "J. Eiselt and H. Risken",
  title = 	 "Quasiprobability distributions for the
		  {J}aynes-{C}ummings model with cavity damping",
  journal =	 "Physical Review A",
  year =	 1991,
  volume =	 43,
  number =	 1,
  pages =	 "346--360",
  month =	 "January"
}

